2703 4573
630 302 1552 391 oni-Ainus:

2047 335 2089 392 2
2110 320 2223 421 19·

106 439 333 532 {cum
371 432 670 542 Latiaris
703 494 726 527 ‚
797 462 1041 542 cruore
1075 440 1516 545 perfunditur
1552 465 1575 530 3
1639 439 1714 516 ὅτ,
1764 452 1792 486 ²
1813 464 1974 541 cum
2010 444 2218 534 Fere-2

1998 541 2169 626 ttius
2187 596 2215 649 ρ

109 687 580 765 Capitolinumque
604 692 887 747 Tonantem
916 693 1019 747 &c.
1057 690 1136 747 11-
1200 706 1256 748 ta
1317 688 1385 747 ad
1432 689 1911 761 'notitiam-Jovis
1957 667 2218 757 Latiaris,

105 764 184 823 lic
212 766 372 821 enim
406 766 640 837 junctim
684 782 984 842 ponuntur.
1067 769 1140 822 At

108 859 476 917 nequaquam
505 839 770 916 adsequor
797 878 815 906 ,
865 842 1009 899 uude
1042 841 1141 899 bo·

112 936 226 976 nos
248 920 399 975 viros
428 917 541 976 haec
573 918 906 995 negligentia
936 917 1142 975 invase·

113 994 194 1052 xit
229 993 499 1072 jungendi
536 993 764 1071 duplicis
787 996 1140 1073 cognominis

108 1070 175 1134 in
205 1073 385 1141 Jove,
432 1070 579 1149 quod
610 1074 671 1128 in
701 1072 953 1129 nummis
1002 1090 1138 1130 nun-

107 1166 294 1223 qnam
349 1146 454 1205 fuit
499 1144 755 1215 fastum3
823 1144 1027 1204 nedum
1072 1147 1140 1205 ab

108 1223 415 1283 Suetonio,
471 1225 568 1299 qui
603 1242 718 1280 non
746 1221 849 1279 nisi
883 1221 1144 1295 hactenus

110 1299 404 1377 procedit,
453 1317 513 1357 ut
540 1299 686 1366 dicat
710 1298 879 1356 aedem
908 1302 1142 1357 Tonan-

111 1377 188 1437 tis
210 1377 371 1445 Jovis
398 1377 458 1437 in
476 1376 758 1454 Capitolio
779 1373 1142 1433 exstructam.

112 1453 330 1511 Nimia
357 1450 437 1510 est
453 1450 564 1510 haec
580 1448 815 1509 remiffio
831 1454 890 1509 in
905 1453 1141 1510 tractan-

114 1528 207 1587 dis
231 1528 394 1585 rebus
418 1530 694 1605 antiquis,
732 1529 821 1585 cui
848 1529 1034 1593 iratus,
1079 1550 1140 1586 o-

117 1606 294 1683 pinor
321 1643 337 1670 ,
382 1601 565 1674 Justus
592 1605 843 1681 quuius
870 1606 928 1661 in
952 1606 1142 1682 capitis

114 1701 199 1740 xx
231 1700 569 1759 argumento
608 1681 675 1738 de
703 1681 983 1757 Capitolio
1025 1684 1138 1740 Ro-

115 1777 299 1819 mano
326 1756 641 1837 perstringit
662 1758 874 1834 ineptos
888 1758 1140 1834 antiqua·

112 1836 233 1892 rios
269 1833 329 1891 &
361 1850 552 1891 contra
588 1834 709 1891 illos
738 1834 817 1889 ait
847 1832 1142 1891 discrimen

113 1911 274 1981 jovis
318 1910 624 1985 Capitolini
668 1916 722 1967 &
763 1910 1038 1965 Tonantis
1080 1929 1142 1966 o-

114 1982 396 2049 stensum.
474 1988 561 2051 Ibi
602 2004 824 2063 quoque
843 1984 1048 2042 videbis
1077 1985 1143 2043 de

116 2064 465 2142 cognomine
502 2062 803 2139 Capitolini
831 2100 847 2127 ,
902 2081 1021 2137 quae
1048 2060 1141 2119 dc-

116 2137 596 2197 libavitOuzelius
613 2175 630 2203 ‚
670 2140 869 2215 partim
889 2132 1137 2196 Brissonii

121 2208 436 2273 formulas.
488 2216 810 2273 Gronovius.
898 2281 912 2290 .

211 2295 350 2349 Cum
393 2294 723 2366 Capitolinus
747 2330 764 2358 ,
828 2305 952 2351 tunc
993 2296 1141 2369 gerit

108 2366 384 2446 fulmina]
433 2371 740 2445 Nunquam
767 2371 1139 2446 potuiconco-

123 2463 289 2521 quere
330 2444 802 2522 interpositionem
847 2448 996 2503 vocis
1032 2463 1136 2502 ter-

121 2523 241 2587 tiae,
289 2541 415 2596 quae
441 2541 552 2578 non
572 2522 750 2598 magis
773 2519 878 2577 hoc
899 2522 1024 2579 loco
1039 2542 1138 2596 po-

120 2596 222 2654 test
248 2596 540 2656 desiderari
559 2616 650 2656 aut
666 2598 793 2657 ferti
813 2634 830 2661 ,
870 2617 1037 2672 quam
1058 2599 1137 2655 vel

120 2673 180 2730 in
216 2677 610 2744 enunciatione
655 2672 973 2753 praecedenti
998 2711 1015 2738 ,
1058 2674 1140 2732 vel

119 2749 178 2808 in
206 2750 425 2808 duabus
458 2749 835 2829 sequentibus,
879 2769 999 2826 quae
1035 2766 1140 2828 tres

115 2825 318 2884 eodem
365 2828 540 2885 modo
573 2827 952 2904 concipiuntur
982 2832 1016 2892 ,Ξ
1055 2824 1143 2884 scd

113 2901 238 2960 -fine
296 2904 387 2964 illa
425 2904 681 2981 particula
716 2919 809 2960 aut
856 2906 1140 2961 notatione

118 2983 420 3057 temporis,
437 2998 498 3039 ut
520 2980 723 3039 idcirco
740 2977 968 3056 suspicer
993 2977 1140 3036 ahud

119 3058 253 3133 quid
296 3055 397 3115 sub
430 3076 493 3114 ea
527 3058 722 3120 latere,
780 3055 930 3133 quod
955 3057 1137 3131 periit.

117 3132 238 3190 Nec
284 3136 462 3191 miror
486 3151 659 3190 tacere
681 3133 800 3190 illos
827 3170 844 3197 ,
899 3134 995 3206 qui
1026 3132 1141 3187 Mi-

116 3212 350 3268 nucium
400 3208 684 3267 ediderunt
721 3247 737 3274 ,
788 3209 885 3285 qui
923 3203 1138 3264 fortasse

111 3284 343 3362 segnius
391 3288 449 3342 in
489 3283 592 3342 hoc
628 3286 751 3343 loco
795 3282 984 3341 versati
1024 3280 1135 3343 fue0

115 3381 272 3420 runt.
320 3364 505 3418 Miror
529 3358 743 3430 Justum
766 3362 1047 3436 quuium
1076 3361 1135 3417 in

117 3440 407 3515 Capitolio
431 3438 514 3495 bis
537 3436 648 3495 haec
675 3437 833 3494 verba
857 3435 1037 3513 ample
1059 3437 1135 3493 al·

109 3515 395 3592 legantem
434 3533 555 3592 cap.
586 3533 692 3572 xxx
727 3521 781 3571 &
828 3532 973 3577 xxv,
1043 3512 1138 3570 ubi

109 3595 233 3671 agit
278 3591 347 3651 dc
385 3609 618 3665 utroque
656 3588 799 3667 apud
849 3592 1135 3646 Romanos

106 3671 250 3739 jove
273 3707 292 3735 ,
333 3666 549 3726 &unde
571 3683 723 3742 rapta
745 3665 867 3723 sunt
893 3665 1012 3722 loca
1027 3668 1133 3722 La-

112 3747 356 3810 stnnii,
413 3742 756 3819 Porphyrii,
815 3741 1127 3806 Prudentii,
1200 3740 1388 3817 suspen
1416 3762 1467 3799 a.

1206 764 1354 842 quod
1388 766 1499 843 ipse
1535 769 1816 824 Minucius
1837 761 1983 822 hunc
2010 762 2106 821 fibi
2131 764 2216 822 ress

1209 844 1435 899 servavit
1463 845 1766 922 cognitioni
1798 841 2019 919 publicae
2042 840 2237 899 decla-'

1207 918 1442 977 randum
1499 928 1552 977 δι
1604 918 1835 995 seposuit
1876 914 2021 973 infra
2049 954 2067 982 ,
2120 918 2219 993 ubi

1210 993 1422 1062 scribit;
1472 998 1712 1068 hodieque
1734 997 1798 1051 ab
1832 993 1946 1068 ipfis
1974 993 2219 1051 Latiaris

1205 1071 1424 1145 Jupiter
1456 1074 1722 1139 homicidio
1759 1072 1950 1127 colitur
1979 1106 1996 1134 ,
2039 1088 2099 1126 ut
2133 1069 2217 1129 ibi

1206 1148 1333 1204 inde
1362 1147 1533 1205 discas
1554 1186 1568 1212 ,
1608 1149 1784 1223 qualis
1815 1145 1875 1202 sit
1897 1165 2077 1210 cruor,
2119 1143 2218 1205 cu«)

1206 1226 1287 1297 jus
1312 1238 1458 1283 nunc
1479 1220 1860 1293 meminissem
1885 1219 2217 1299 antecessum

1205 1301 1400 1358 voluit.
1442 1303 1759 1359 Gronovius.

1290 1397 1314 1433 1
1362 1380 1489 1434 Cum
1519 1380 1759 1434 Latiaris
1793 1395 1971 1434 cruore
1996 1376 2218 1455 perfim-

1204 1449 1379 1527 ditur]
1429 1458 1653 1511 Formas
1669 1460 1722 1510 &
1741 1453 1957 1511 habitus
1980 1455 2219 1513 deorum

1205 1529 1430 1599 irridet,
1495 1529 1781 1608 quomodo
1812 1547 1963 1608 ,ergo
2000 1529 2070 1585 ad
2110 1530 2220 1595 alia,

1205 1625 1397 1664 eorum
1435 1604 1680 1665 monstra
1713 1615 1767 1663 δε
1792 1606 1996 1663 cultum
2031 1616 2048 1661 ἓ
2099 1608 2222 1663 Ta-

1206 1684 1343 1742 tian.
1399 1680 1508 1758 πρὶς
1534 1685 1678 1745 Ε’λλ,
1733 1682 1871 1757 rapio
1902 1679 2132 1755 ῥωμαῖως
2167 1674 2218 1741 32⁴

1205 1758 1454 1827 λαοτιρίριοι
1487 1758 1590 1833 Δίῳ
1628 1757 1797 1825 λύθροις
1818 1758 2064 1831 ἆνθράτω
2088 1796 2106 1825 ‚
2162 1749 2217 1838 ἢ

1201 1839 1298 1896 τοῖς
1322 1831 1857 1909 σίπὶᾶεοίνδροκτσισιὸν
1880 1831 2075 1906 ott‘swoect
2100 1856 2220 1908 τις·

1200 1910 1417 1982 πέμψον.
1475 1914 1756 1969 Wwerus.
1804 1910 2013 1984 Utique
2042 1912 2213 1968 utiu-

1200 1990 1346 2063 eptia
1373 1988 1639 2064 ineptiam
1674 1982 1825 2044 trusit
1852 2024 1870 2050 ‚
1915 1984 1983 2043 sic
2007 1986 2129 2044 licet
2152 1988 2233 2044 in·

1202 2061 1541 2122 confutando
1572 2064 1638 2120 ab
1663 2081 1774 2121 una
1794 2060 2016 2119 transire
2040 2061 2105 2119 ad
2134 2062 2216 2121 al-

1200 2158 1371 2197 teram
1405 2166 1422 2207 ς
1481 2139 1632 2217 quod
1671 2157 1817 2197 nunc
1850 2136 1980 2217 facit
2006 2139 2214 2215 liquide

1208 2218 1505 2274 Minucius.
1585 2217 1857 2275 Caetetum
1896 2216 1973 2272 ira
2012 2218 2127 2296 agit
2155 2222 2215 2275 δε

1201 2300 1497 2353 Wowerus
1525 2298 1580 2353 &
1610 2290 2045 2351 Elmenhorstius
2074 2331 2092 2359 ,
2150 2309 2216 2352 ut

1201 2370 1342 2427 nihil
1363 2374 1575 2446 proprie
1598 2367 1667 2427 ad
1694 2367 1863 2428 istum
1881 2371 2072 2440 Jovem
2088 2387 2214 2447 pct-

1197 2448 1379 2504 tinens
1403 2447 1669 2504 illustrent
1690 2464 1773 2503 tot
1795 2442 1912 2503 istis
1932 2447 2215 2506 citationi·

1197 2523 1339 2589 δας,
1403 2522 1553 2599 quod
1603 2539 1743 2580 certe
1797 2522 1973 2579 multo
2012 2525 2213 2582 clarius

1199 2596 1449 2675 praestitit
1506 2604 1562 2656 &
1614 2596 1824 2674 Lipsius
1860 2597 1928 2654 de
1971 2597 2214 2676 Amphi·

1196 2674 1409 2731 theatro
1431 2692 1552 2748 cap.
1578 2692 1610 2740 4
1646 2680 1701 2730 &
1741 2673 1892 2729 idem
1929 2676 2215 2751 Rycquius

1196 2751 1372 2825 'capite
1393 2770 1502 2807 xxv
1530 2749 1656 2807 libri
1680 2748 1831 2806 citati
1859 2776 1875 2816 ς
1916 2747 2002 2807 sed
2026 2749 2214 2807 claris-

1201 2825 1334 2884 fitne
1398 2826 1677 2884 Henticus
1722 2824 1963 2883 Valesius
2015 2826 2214 2884 extulit

1200 2904 1396 2960 omnia
1435 2905 1493 2959 in
1533 2903 1679 2960 notis
1720 2901 1787 2959 ad
1817 2902 2032 2961 Eusebii
2063 2903 2213 2961 Ora-

1200 2979 1421 3036 tionem
1463 2977 1529 3036 dc
1570 2977 1820 3037 laudibus
1852 2976 2213 3041 Constantini

1201 3074 1331 3132 pag.
1364 3075 1493 3130 254.
1531 3056 1851 3113 Gronovius.

1282 3154 1313 3188 2
1356 3133 1485 3188 Cum
1520 3134 1783 3189 Feretrius
1816 3151 1919 3191 non
1946 3126 2206 3208 auditur]

1203 3212 1337 3268 Haec
1395 3208 1553 3283 periti
1615 3209 2004 3282 antiquitatum
2056 3207 2214 3266 facile

1199 3285 1594 3361 explicabunt3
1655 3283 1800 3342 mihi
1842 3285 2066 3362 quidem
2110 3285 2213 3342 ob-

1197 3363 1348 3420 scura
1378 3367 1430 3419 δε
1454 3359 1725 3438 suspectu
1767 3359 1865 3418 nisi
1894 3357 2109 3417 fortasse
2135 3361 2211 3418 le·-

1198 3439 1440 3517 gendnm
1471 3459 1485 3492 =
1539 3458 1646 3506 cum
1672 3440 1938 3495 Feretrius
1959 3455 2059 3494 non
2088 3440 2210 3493 adi-

1198 3529 1311 3571 tur.
1351 3513 1544 3571 Scribit
1565 3515 1717 3570 enim
1752 3509 1932 3569 Festus
1954 3514 2098 3569 intra
2111 3530 2211 3570 an,-

1202 3608 1305 3647 nos
1340 3590 1504 3668 paulo
1539 3593 1727 3648 minus
1763 3608 1948 3646 nxxx.
1988 3607 2211 3648 tantum

1197 3669 1340 3724 trina
1372 3687 1407 3723 o
1449 3666 1563 3723 ima
1606 3663 1776 3742 spolia
1811 3665 2216 3733 Jovtirettio.

1395 3684 1446 3800 s?
1553 3740 1693 3799 Vide
1734 3739 1948 3800 Festum
1993 3742 2212 3819 Opima

107 3841 236 3894 qux
264 3822 473 3882 recoxit
498 3820 595 3877 sub
624 3817 719 3875 suo
751 3819 979 3882 nomine
1006 3821 1129 3876 Ou-
1193 3820 1396 3894 Spolia.
1449 3821 1690 3894 Propert.
1718 3818 1814 3876 lib.
1845 3837 1902 3889 4.
1929 3809 2081 3900 Elcg.
2112 3835 2207 3894 ιι,

101 3899 281 3964 aelius
307 3938 329 3969 ,
382 3915 539 3958 tanto
573 3892 824 3955 insulsius
863 3913 1158 3983 convoca-0
1195 3894 1362 3956 Nihil
1389 3905 1573 3955 tamen
1605 3892 1866 3956 adfirmo.
1916 3899 2205 3956 Wowerus.

2119 3974 2207 4032 De
