2703 4573
748 285 1205 373 Oc’rA

1269 292 1677 376 vius}

2135 308 2231 401 15

140 379 499 492 diluculo
538 415 628 491 ad
667 437 862 492 mare
887 417 1374 496 inambulando
1397 420 1595 494 litore
1632 434 2072 519 pergeremus
2095 470 2119 505 ‚
2158 431 2242 490 ut

122 650 261 711 pag.
291 653 352 699 7.
377 633 524 692 Lib.
557 654 614 690 2.
653 651 788 715 pag.
818 655 906 713 57.
951 637 1093 694 Cato
1114 633 1183 695 de

127 728 191 767 te
222 708 429 768 rustica
453 712 646 787 capite
684 731 706 769 1
724 731 813 790 15.
855 716 1087 772 Elmenh.

217 792 595 846 Autumnitas
634 787 970 866 dirigebat.]
1055 795 1185 848 Fru-

125 859 255 920 stra
293 863 377 921 his
405 862 704 941 scrupulus
730 868 956 941 injeclus
983 865 1088 924 fuit
1116 867 1185 924 ab

121 938 469 998 dodiiffimo
504 940 755 998 Meurfio
780 981 797 1008 ‚
859 941 1008 1018 quasi
1037 941 1197 1002 deest

118 1015 256 1075 sent
307 1015 591 1075 nonnulla
629 1016 700 1074 de
739 1019 961 1079 Caecilio
990 1019 1188 1077 ‘deam-

120 1093 462 1152 bulationis
484 1095 702 1151 comite
732 1092 954 1152 adscito.
996 1099 1187 1173 Itaque

122 1172 317 1228 etiarn
348 1171 577 1228 nullum
598 1189 668 1227 ex
687 1170 820 1228 viris
835 1168 1011 1230 doctis
1031 1210 1045 1236 ‚
1089 1171 1186 1249 qui

126 1244 341 1325 postea
367 1245 669 1305 ediderunt
695 1283 713 1311 ‚
758 1244 854 1304 fibi
883 1248 1184 1305 adsentien-

127 1342 260 1380 tem
311 1325 539 1380 invcnit
566 1360 584 1387 ,
644 1321 789 1380 haud
843 1323 1006 1382 dubie
1062 1343 1180 1381 non

129 1399 306 1533 guod
331 1401 557 1476 opinati
583 1396 790 1457 fuerint
813 1401 1001 1458 omitti
1026 1401 1184 1479 quas-

186 1496 288 1535 ιω
320 1473 769 1535 circumstantia-s
807 1477 969 1534 veluti
1002 1490 1069 1534 ex
1099 1477 1181 1548 ju-

137 1573 205 1611 tc
224 1594 244 1622 ,
298 1551 453 1632 quod
483 1551 738 1611 historici
759 1550 1185 1632 nonrefugiant,

137 1629 239 1688 fed
287 1628 448 1708 quod
486 1626 818 1687 crediderint
846 1627 971 1688 satis
1000 1629 1183 1708 colligi

139 1708 266 1780 eius
303 1707 645 1764 comitatum
681 1707 881 1781 partim
921 1725 991 1762 ex
1030 1703 1185 1782 supe·-

144 1783 400 1842 rioribus
417 1821 436 1849 ‚
477 1782 576 1839 ubi
591 1779 831 1840 ostendit
854 1779 904 1840 se
929 1783 1180 1840 aelurum

151 1859 223 1916 de
257 1857 525 1917 sermone
553 1859 779 1917 Od'tavii
809 1896 826 1923 ‚
878 1879 988 1934 quo
1014 1853 1188 1918 'Caeci-

154 1935 303 1993 lium
330 1932 661 1993 reformavit
680 1930 1042 2012 disputatione
1060 1952 1187 2011 gra·

168 2009 386 2069 viffima
447 2011 518 2069 ad
581 2030 771 2068 veram
817 2011 1140 2088 religionem
1166 2035 1182 2077 ς

56 2087 95 2167 ι’
170 2089 377 2164 partim
410 2108 476 2145 ex
508 2085 862 2161 sequentibus
886 2125 906 2153 ‚
969 2086 1061 2147 ubi
1101 2088 1187 2143 O-

167 2165 380 2222 &avius
410 2163 671 2222 describit
706 2165 993 2221 Caeciliurn
1028 2162 1187 2220 domi

162 2238 413 2319 fibrisque
452 2241 612 2298 lateri
648 2241 881 2297 Minucii
920 2237 1189 2299 inhaeren-

164 2334 305 2377 tem.
364 2321 505 2376 Haec
534 2318 689 2374 enim
717 2316 830 2375 duo
857 2317 976 2387 loca
1006 2314 1075 2375 fic
1099 2336 1189 2374 or-

169 2394 390 2453 dinavit
417 2412 542 2471 apte
572 2395 791 2459 audior,
832 2410 890 2450 ut
913 2412 980 2451 ex
1002 2393 1078 2451 eis
1092 2411 1186 2449 ne-

166 2489 330 2548 queat
348 2471 526 2528 lestor
538 2472 692 2528 aliter
705 2470 947 2549 cogitare
959 2508 976 2537 ,
1016 2488 1186 2546 quam

163 2568 298 2606 eum
314 2546 486 2605 simul
511 2542 744 2604 exiviss’e.
787 2548 1108 2605 Gronovius.

255 2644 276 2692 3
336 2626 626 2697 Itaquecum
638 2625 868 2681 diluculo
893 2620 1031 2698 ira]
1077 2625 1186 2680 Re-

172 2698 519 2760 motiffimus
547 2700 607 2757 ab
630 2693 908 2758 intellestu
927 2697 1084 2774 hujus
1100 2699 1183 2757 lo-

169 2782 218 2839 ci
258 2775 370 2835 fuit
414 2775 651 2835 Gallicus
687 2779 951 2853 interpres
977 2813 993 2842 ‚
1066 2774 1185 2832 red-

176 2856 406 2913 densita
432 2878 455 2920 ,·
511 2874 693 2911 comme
724 2873 849 2911 nous
869 2851 1041 2931 fumes
1060 2856 1190 2911 donc

177 2938 400 2990 arrivez
457 2950 522 2988 en
564 2945 690 2989 cette
731 2931 984 3005 agreable,
1014 2930 1183 3002 Ville,

175 3030 294 3068 nous
319 3008 535 3065 allames
547 3010 610 3064 de
624 3009 718 3064 bon
745 3008 914 3063 marin
929 3020 1184 3080 nompro·

174 3107 345 3143 menet·
359 3083 468 3162 ficr
491 3085 543 3142 le
564 3086 756 3159 rivage
784 3120 801 3148 ,
850 3098 1006 3158 parce
1031 3084 1184 3156 qu'on

167 3183 205 3237 y
228 3163 372 3237 jou'it
406 3165 547 3217 d’um
580 3163 673 3216 air
689 3158 842 3235 [ναῖε
865 3162 956 3233 qui
982 3158 1189 3216 reveille

175 3240 560 3317 lesesprits&c.
604 3240 686 3292 Ita
733 3236 902 3311 uesup
945 3233 1184 3305 onitjam

181 3333 299 3374 tunc
334 3318 391 3372 in
418 3316 582 3372 litore
608 3331 697 3368 am
745 3312 882 3369 ulavi
927 3331 976 3366 e.
1031 3309 1188 3387 Qid

181 3412 304 3473 ergo
317 3390 396 3450 est
410 3389 564 3469 quod
587 3385 720 3445 mox'
742 3386 1017 3464 sequitur?
1045 3391 1190 3443 Nous

185 3477 364 3528 avions
374 3468 499 3546 fait
525 3467 673 3523 alors
691 3467 809 3541 plus
837 3468 896 3521 de
921 3466 975 3522 la
1003 3466 1186 3520 moitib

185 3552 237 3605 de
259 3551 310 3604 la
334 3546 461 3602 ville
492 3547 565 3605 ὠ·
587 3546 954 3611 εοηιηιεηςὶυης
986 3561 1018 3594 a
1047 3544 1201 3606 tenir·

183 3627 224 3681 le
246 3629 432 3698 rivage
458 3645 493 3678 a
520 3624 560 3675 l'
560 3621 781 3676 endroit
807 3620 898 3689 qui
927 3615 993 3689 est
1017 3617 1064 3671 le
1073 3616 1193 3691 plus

181 3705 457 3759 decouvert.
510 3697 617 3756 Sed
650 3695 747 3751 ubi
777 3694 837 3747 in
862 3693 1071 3747 Latinis
1098 3711 1189 3767 pa·

183 3797 249 3836 tet
277 3779 536 3837 adventus
572 3789 779 3830 corum
828 3769 883 3823 iu
928 3767 1068 3824 hanc
1103 3787 1192 3824 ur·

178 3855 324 3917 bem?
364 3855 540 3919 Nulla
560 3850 640 3942 ‘de
666 3841 993 3912 eovoxest,
1036 3851 1193 3903 &to-

2160 517 2238 590 δε

1263 653 1380 694 tum
1397 632 1501 696 hoc
1517 635 1681 696 miser
1701 639 1789 698 ille
1809 639 2069 713 interpres
2092 637 2266 691 intet-

1265 713 1440 789 posuit
1462 714 1528 771 ad
1552 713 2055 773 seseirretiendum.
2135 712 2265 767 Uti-

1261 808 1367 866 que
1391 794 1608 849 medium
1620 790 1859 868 spatium
1882 791 2124 850 ciw'tutis
2146 806 2265 843 non

1263 885 1419 925 notat
1446 870 1502 924 la
1532 873 1714 924 moiri&
1736 868 1798 926 de
1821 870 1876 925 la
1909 865 2033 923 ville
2062 900 2080 927 ‚
2143 880 2267 918 tau-

1261 950 1434 1018 quam'
1482 943 1837 1002 somniaverit
1885 943 1951 1000 de
2004 939 2272 997 dimidio«

1264 1021 1383 1076 Iam
1417 1039 1546 1077 vero
1588 1024 1774 1094 quand
1795 1023 1863 1077 ae'ls
1897 1019 2137 1094 q'ouyrent
2156 1014 2284 1090 fitr·

1262 1096 1314 1151 le
1347 1099 1539 1172 rivage
1563 1100 1687 1153 d’un
1710 1101 1801 1154 air
1816 1095 1962 1174 fiais
1990 1131 2006 1155 2
2066 1093 2192 1167 n’est
2211 1111 2273 1149 ce

1252 1186 1356 1247 pas
1388 1174 1619 1247 qu'alors
1652 1176 1719 1229 ils
1750 1174 1961 1243 estoe‘ent
1982 1173 2112 1226 dans
2133 1172 2267 1225 l'en-

1258 1251 1404 1306 droit
1427 1252 1487 1306 de
1509 1252 1699 1326 rivaege
1717 1251 1832 1308 bien
1842 1253 2119 1315 decouvart
2133 1283 2151 1308 ,
2200 1247 2271 1304 (ῥ’

1250 1328 1405 1399 point
1422 1329 1584 1382 moins
1606 1330 1844 1402 qu'apre's
1861 1328 1918 1385 la
1937 1319 2144 1402 paffltge
2160 1335 2269 1395 par

1256 1403 1312 1457 la
1339 1400 1504 1457 ville?
1543 1404 1712 1458 Aliter
1744 1401 1867 1459 saue
1893 1407 2109 1460 medium
2127 1399 2268 1455 εἰνὶ·

1257 1475 1625 1553 tatisspatium
1651 1480 1916 1537 intellexit
1940 1476 2105 1550 Casp.
2137 1479 2272 1530 Bat-

1258 1552 1407 1610 thius
1438 1592 1455 1618 ‚
1514 1554 1700 1628 jubens
1728 1558 1968 1632 cogitare
1992 1555 2047 1611 in
2079 1549 2266 1606 media

1258 1629 1386 1686 urbe
1408 1628 1639 1688 liberum
1671 1630 1792 1689 litus
1818 1625 1999 1687 fuisse:
2039 1624 2265 1686 ostiam

1253 1706 1405 1762 enim
1430 1707 1704 1764 civitatem
1723 1707 1788 1764 ad
1805 1708 1929 1764 litus
1949 1700 2266 1782 protensam

1252 1776 1397 1848 ess'e,
1438 1801 1542 1859 qua
1569 1800 1717 1858 parte
1744 1803 1893 1841 mare
1910 1778 2268 1858 (pestabatli-

1255 1857 1381 1915 bera
1403 1859 1606 1916 muris:
1648 1859 1907 1936 additque
1932 1897 1948 1922 ‚
2009 1863 2131 1917 Hoc
2161 1854 2268 1914 nisi

1254 1934 1496 1992 attendas
1512 1954 1855 2014 nequaquam
1870 1935 2049 2010 capias
2064 1973 2085 2000 ,
2124 1951 2269 2012 quo-

1258 2008 1428 2067 modo
1466 2008 1713 2068 medium
1752 2013 1986 2070 civitatis
2022 2010 2264 2089 spatium
2323 2016 2330 2023 ‘

1255 2084 1460 2144 emensi
1496 2086 1728 2144 liberum
1767 2087 1894 2146 situs
1925 2103 2115 2146 'tenere
2139 2087 2266 2164 pos-

1261 2162 1396 2228 sint,
1439 2162 1505 2221 ad
1535 2162 1688 2240 quod
1711 2164 1989 2222 videbatur
2011 2162 2265 2245 cgressio·

1261 2258 1330 2297 ne
1353 2241 1585 2298 civitatis
1609 2259 1744 2317 opus
1765 2238 1890 2299 effe.
1970 2244 2087 2319 Qi
2118 2244 2262 2300 mire

1257 2318 1318 2374 in
1361 2315 1449 2374 his
1479 2316 1691 2375 turbat.-
1761 2315 1921 2376 Ostia
1958 2325 2110 2376 enim
2146 2337 2270 2376 noir

1255 2410 1369 2450 erat
1396 2395 1646 2468 protensa
1672 2394 1741 2452 ad
1766 2395 1892 2453 litus
1909 2434 1925 2461 ‚
1971 2393 2058 2453 sed
2091 2394 2157 2453 ad
2185 2399 2266 2453 ti-

1256 2488 1383 2546 pam
1402 2469 1620 2527 Tiberis
1639 2508 1664 2534 ,Ἰ
1698 2478 1750 2529 δι
1776 2472 1836 2528 in
1862 2470 2008 2529 hunc
2034 2491 2263 2529 amnem

1253 2544 1610 2622 prospiciebat
1644 2545 1798 2604 frons
1837 2549 1947 2618 ejus
1978 2575 1994 2616 5
2060 2568 2159 2606 nec
2198 2552 2268 2607 itt

1254 2622 1440 2679 media
1482 2622 1610 2680 urbe
1652 2624 1829 2700 potuit
1860 2624 2094 2683 liberum
2131 2624 2262 2682 litus

1251 2691 1436 2765 fuiffe;
1481 2697 1602 2756 funt
1618 2700 1769 2757 enim
1800 2700 1909 2758 illie
1933 2702 2127 2758 omnia
2159 2701 2263 2759 ob·-

1252 2772 1349 2832 fita
1375 2771 1648 2838 aedificiis,
1689 2793 1781 2833 aut
1802 2780 1986 2836 forum
2004 2774 2118 2843 est,·
2163 2796 2264 2836 nee

1253 2851 1488 2910 ubiutbs
1510 2848 1588 2908 est
1616 2850 1778 2909 libera
1792 2855 2004 2919 muris,
2034 2853 2113 2912 ibi
2128 2874 2263 2912 eon-

1251 2928 1410 2985 tinuo
1436 2924 1513 2985 cst
1539 2928 1771 2987 liberum
1794 2930 1951 2997 litus,
1993 2931 2260 3019 guarni}-

1250 3003 1320 3060 lic
1348 3001 1546 3081 poffint
1574 3007 1766 3064 omnia
1797 3006 2062 3083 impedita
2091 3007 2128 3063 li
2174 3009 2268 3064 nis*

1251 3076 1356 3136 esse
1381 3078 1448 3136 ad
1482 3077 1743 3138 fabricam
1770 3086 1996 3139 navium
2024 3100 2114 3139 aut
2169 3103 2261 3140 or-

1256 3157 1359 3214 reis
1398 3171 1489 3212 aut
1527 3156 1653 3234 ipsis
1685 3154 1959 3215 subductis
1996 3159 2264 3226 navibus,

1257 3249 1316 3290 ut
1339 3230 1480 3289 nihil
1504 3231 1565 3300 fit
1591 3250 1833 3309 apertum
1867 3271 1883 3300 ‚
1940 3232 2084 3291 nihil
2125 3236 2260 3293 libe-

1255 3328 1400 3372 rum.
1479 3312 1611 3366 Haec
1636 3325 1692 3364 ut
1712 3309 2080 3385 explicentur,
2127 3308 2269 3370 scire

1251 3401 1468 3461 oportet
1510 3386 1568 3441 in
1595 3384 1767 3442 verbis
1792 3384 1990 3444 nostris
2018 3391 2258 3465 proponi

1251 3459 1572 3526 consiliunt,
1619 3459 1980 3528 neusa-§tumr
2026 3466 2260 3522 Cumdi-

1254 3539 1422 3594 laculo
1453 3552 1768 3614 pergeremus
1803 3542 1881 3594 ad
1900 3559 2049 3596 mare
2083 3545 2258 3598 inam-

1254 3615 1478 3670 bulando
1519 3618 1675 3671 litore
1701 3652 1719 3678 ,
1786 3633 1901 3670 non
1939 3615 2087 3691 quo'd
2139 3618 2255 3689 jam

1256 3707 1386 3754 tunc
1409 3690 1812 3746 inambularem
1842 3692 1993 3747 iu'eo
2015 3734 2031 3759 ,
2083 3708 2141 3749 ut
2166 3693 2255 3749 in-

1254 3765 1453 3833 tellexit
1476 3765 1662 3844 Gallus
1687 3802 1704 3829 ‚
1755 3764 1840 3824 sed
1876 3768 2024 3845 quod
2063 3787 2254 3845 perge-

1251 3860 1374 3901 rent
1415 3841 1486 3901 ad
1522 3859 1674 3902 mare
1709 3843 1800 3904 via
1832 3844 2070 3906 Ostiensi
2091 3886 2107 3915 ‚
2184 3864 2258 3901 eo

1668 3947 1673 3954 ·
2118 3937 2255 3979 ωα-
