2703 4573
791 302 1636 404 Oea-Av1usi
2151 332 2250 442 '13‘

158 448 389 508 tatem
415 496 470 546 ,⁸
498 448 523 481 ¹
554 432 759 538 quod
790 444 960 518 estet
1001 448 1458 546 corpori’t'neo
1494 452 1811 531 ficca‘n'dis
1845 455 2253 534 humoribus

172 532 262 603 de
294 537 594 643 marinis
625 541 920 647 lav-acris
963 544 1203 620 blanda
1244 550 1318 621 δε
1351 549 1652 658 appofita
1690 556 1976 629 curatio,
2032 568 2055 596 ²
2079 563 2253 630 Sane

183 627 260 700 δί
297 632 381 702 ad
419 633 867 710 vmdemiam
912 639 1096 716 feriae
1141 645 1566 741 judiciariam
1622 672 1856 724 curam
1906 652 2248 727 relaxave-

165 902 221 943 te
253 887 582 952 Christiana
608 895 911 960 sermones·

164 1575 296 1634 dere
352 1581 425 1637 ad
478 1586 875 1659 viridemiam3

182 2113 350 2191 modo
383 2121 813 2184 amoeniffimam
850 2146 1036 2189 vocare
1054 2153 1172 2192 cen·

172 2187 363 2256 fixerit,
407 2193 495 2252 sed
520 2200 690 2257 etiam
719 2208 1183 2269 commendaverit

168 2282 282 2324 tum
312 2272 382 2330 ab
410 2277 648 2335 marinis
678 2278 910 2350 balneis,
953 2304 1070 2343 tum
1090 2308 1178 2346 ve-

161 2361 222 2400 to
246 2353 301 2404 &
329 2350 400 2406 ab
433 2369 567 2408 aura
591 2378 611 2417 ;
668 2354 800 2413 hinc
825 2355 977 2418 fateri
1006 2384 1178 2441 cogor

160 2440 251 2479 me
278 2424 484 2484 nescire
514 2467 532 2492 ‚
586 2450 657 2489 an
692 2435 833 2491 ratio
854 2435 946 2494 sua
974 2437 1176 2499 consti-

158 2503 280 2558 terit
324 2503 699 2564 erdd‘itiffimo
744 2513 1024 2587 quondam
1072 2537 1175 2574 no-

153 2572 272 2633 stro
298 2580 350 2635 le
383 2585 593 2658 Moyne
620 2623 636 2649 ,
689 2605 864 2663 quum
906 2591 964 2647 in
996 2595 1174 2651 Prole-

192 2658 432 2712 omenis
471 2659 534 2715 ad
571 2664 715 2719 varia
764 2664 910 2723 sacra
950 2686 1004 2743 p.
1046 2688 1169 2727 120.

175 2731 413 2810 ctipfit:
477 2738 606 2791 Erat
635 2754 820 2811 portus
856 2743 1096 2819 Ostiensis
1133 2768 1168 2804 a

150 2810 383 2868 Claudio
395 2813 741 2886 construam,
783 2842 817 2875 a
840 2822 1070 2896 Trojano
1085 2843 1167 2881 re·

140 2899 403 2961 paratus,
435 2898 615 2967 gravi
651 2897 715 2955 ἐς·
740 2899 1171 2957 inclemenei'ae'ri

143 2965 401 3024 obnoxius
430 3006 449 3031 ,
505 2970 573 3031 ὁ·
593 2975 682 3044 qui
701 2969 1169 3055 pauciffimossbm-

138 3053 231 3114 per
249 3046 399 3100 aluit
413 3049 689 3122 indigenas
702 3052 987 3109 ἐφέντι-σίας.
1034 3056 1169 3110 Cre·

141 3116 213 3173 do
244 3119 680 3196 frequentiorem
725 3123 1165 3198 Ostiam'fuiffo}

142 3212 242 3252 nec
267 3214 465 3256 tamen
502 3204 799 3276 Procopius
838 3221 930 3258 aut
961 3206 1053 3261 alii
1085 3207 1168 3263 vel

138 3275 367 3335 Ostiam
391 3279 475 3335 vel
495 3282 719 3334 Portum
740 3276 807 3335 fic
822 3278 1159 3356 deprimunt.

138 3351 464 3413 Gronoviiss.
642 3362 647 3364 “
734 3389 741 3394 -
942 3369 945 3372 ’

220 3454 253 3488 2
299 3431 977 3510 Qodqffitcorporimeo]
1030 3440 1159 3491 Bar-

144 3505 288 3567 thnus
304 3510 441 3590 legit
465 3514 670 3586 ‚Quoad
689 3508 804 3586 effit
816 3516 1019 3586 corpori
1031 3532 1158 3570 meo.

146 3580 227 3641 sed
257 3587 403 3643 nihil
433 3587 793 3645 mutandum.
834 3591 1035 3643 Ouzel.»

221 3681 241 3731 3
290 3667 518 3741 Corpori
541 3687 648 3722 meo
655 3665 916 3738 fica-andis
933 3666 1159 3722 humori-

997 901 1043 962 Ο
1088 904 1196 969 lam

161 983 376 1024 veteres
398 970 595 1029 dixere
612 1012 629 1037 ,
673 983 729 1032 &
744 978 812 1034 τὰ
826 978 1003 1040 (stez.
1026 907 1194 1063 ἐβίω

158 1043 446 1102 Tiberina.
489 1051 644 1109 unde
678 1059 733 1109 &
761 1056 1003 1117 Offianos
1033 1069 1086 1118 &
1118 1071 1197 1122 O·-

142 1116 348 1192 stiates
368 1141 540 1198 atque
565 1129 734 1185 etiam
755 1132 943 1204 Ostios.
984 1140 1194 1220 Rigalt.

211 1212 232 1249 1
247 1197 458 1269 Ollium
466 1215 642 1275 petere
657 1206 1044 1281 amoentfflmam
1055 1215 1191 1292 citu]

166 1272 339 1330 I-lanc
360 1277 523 1355 eligit
550 1297 658 1337 tem
668 1287 819 1360 poris
830 1288 989 1345 otiosi
1002 1293 1195 1351 tranfi-

168 1349 343 1425 gendi
374 1358 649 1412 rationem
672 1396 689 1423 ‚
733 1362 863 1437 quia
887 1375 1085 1446 nempe
1104 1374 1192 1427 in-

168 1428 295 1481 nuit
320 1426 419 1485 fibi
451 1449 511 1487 ut
537 1432 860 1494 Christiano
889 1459 1003 1499 non
1033 1445 1188 1522 poffi-

172 1499 293 1558 deri
319 1506 505 1563 vineta
530 1547 547 1573 ‚
618 1529 679 1567 ut
707 1513 834 1571 illuc
867 1536 1029 1593 queat
1052 1522 1191 1581 sece-

942 1616 1038 1654 nec
1084 1600 1188 1657 alia

165 1659 426 1730 praetoria
445 1697 460 1719 ‚
496 1661 589 1719 sed
605 1662 713 1721 {ine
723 1669 981 1744 cupidine
993 1693 1182 1733 eorum

166 1730 314 1805 posse
338 1734 527 1810 ipsum
550 1739 847 1800 exhilarari
875 1745 1032 1807 donis
1054 1754 1184 1818 Dei,

166 1826 284 1884 quat
313 1812 371 1866 in
404 1831 715 1874 commune
745 1819 995 1888 dediffet,
1039 1830 1187 1887 &ita

176 1880 457 1952 rusticari,
503 1891 853 1953 utfestiveait
867 1900 1182 1963 BalduinuS.

176 1962 365 2036 Qum
400 1984 535 2022 vero
564 1969 785 2028 Ostiam
807 1975 880 2031 ita
911 1978 1185 2040 cernimus

181 2036 248 2092 ab
287 2043 501 2099 auctore
540 2045 863 2126 descriptam
897 2090 914 2117 ,
979 2074 1037 2113 ut
1066 2075 1179 2116 non

2093 770 2248 823 rant

1267 922 1378 967 n'on
1402 907 1572 966 otiose
1599 908 1739 967 hanc
1764 917 1971 986 pattem'
2016 904 2067 966 se
2093 901 2271 984 legisse

1268 984 1504 1043 ostendit
1523 984 2099 1051 Everatdusl-'eithius‚
2145 1004 2272 1042 ma-

1266 1082 1446 1120 ternus
1484 1061 1629 1119 mihi
1666 1079 1930 1139 cognatus
1956 1100 1973 1127 ‚
2029 1063 2088 1117 in
2125 1064 2273 1120 anti-

1265 1139 1562 1215 quitatibus
1593 1140 1898 1196 Homericis
1927 1159 1949 1195 1
1968 1156 1986 1192 r
2005 1159 2053 1202 1,
2087 1159 2140 1205 9.
2174 1139 2274 1197 ubi

1265 1215 1413 1292 quod
1455 1216 1634 1271 nervis
1686 1214 2007 1271 tradiderint
2057 1213 2271 1273 utiliffi·

1265 1309 1418 1348 mam
1446 1291 1717 1348 marinam
1745 1310 1944 1366 aquam
1972 1329 1988 1354 ,
2030 1293 2267 1348 Diome-

1261 1366 1440 1424 des·&
1475 1364 1678 1444 Ulyss'es
1715 1368 1966 1425 sudorem
1998 1367 2271 1443 αξπευίζωἿ.

1267 1443 1543 1523 &onznia-ty,
1587 1462 1850 1520 tanquam
1878 1444 1945 1500 ab
1975 1446 2161 1502 nimiae
2182 1443 2267 1503 fa-

1260 1522 1545 1596 tigationis
1572 1522 1720 1585 sensti
1740 1518 2028 1578 custodiret
2044 1539 2267 1598 corpus,

1258 1603 1311 1652 &
1342 1596 1488 1655 huuc
1525 1599 1838 1655 Minucium
1878 1594 2103 1652 advocat
2133 1617 2266 1659 cum

1261 1674 1515 1747 praeclato
1539 1673 1786 1731 Athcnaei
1802 1674 1944 1729 loco·
1987 1674 2267 1733 Caeterum

1258 1760 1404 1807 nunc
1437 1749 1547 1807 non
1579 1752 1760 1831 agitur
1787 1749 1854 1806 de
1878 1748 2068 1806 sudore
2089 1788 2107 1815 ,
2169 1750 2262 1810 sed

1255 1825 1460 1883 vitiofis
1499 1828 1645 1884 intus
1683 1825 2010 1883 humoribus
2046 1863 2062 1890 ‚
2118 1828 2264 1887 unde

1255 1901 1471 1960 videtur
1542 1900 1867 1960 contraxiss'e
1937 1902 2264 1976 languorem

1257 1981 1431 2035 nervis
1451 1978 1838 2037 remiffioribus
1863 1985 1916 2035 &
1944 1979 2105 2035 laxis.
2150 1985 2265 2040 lta-

1256 2055 1525 2131 que‘eligit
1539 2055 1778 2112 remedia
1805 2056 1915 2128 jam
1942 2053 2079 2111 olim
2102 2077 2262 2116 com·

1254 2133 1497 2189 munitet
1522 2150 1552 2189 a
1580 2132 1803 2189 medicis
1828 2132 1995 2189 electa
2014 2172 2031 2198 ‚
2082 2152 2140 2193 ut
2166 2154 2261 2212 pa-

1250 2224 1325 2264 tet
1350 2227 1423 2266 ex
1444 2210 1689 2266 Suetonii
1715 2209 1822 2265 illis
1849 2208 2022 2266 verbis
2051 2212 2260 2276 in.Cae-

1251 2281 1366 2341 sare
1395 2282 1649 2363 Augusto
1681 2324 1699 2351 ‚
1751 2289 1947 2361 quoties
1974 2307 2259 2346 nervorum

1249 2361 1406 2439 causis
1443 2365 1667 2419 marinis
1707 2362 2023 2439 Albulisque
2071 2367 2260 2424 calidis

1249 2442 1508 2495 interdum
1519 2442 1760 2497 utendum
1770 2438 1886 2517 estet
1894 2481 1908 2495 .
1954 2440 2107 2498 Adde
2118 2444 2260 2500 Seri-

1246 2516 1466 2571 veria‘na
1498 2515 1564 2572 ad
1595 2517 1907 2573 Martialem
1938 2537 1997 2581 x,
2040 2537 2126 2592 ¹3·
2187 2521 2258 2576 Et

1245 2592 1393 2667 quod
1425 2591 1492 2649 de
1519 2591 1842 2666 humoribus
1871 2591 1995 2649 dico
2013 2632 2033 2658 ‚
2077 2591 2257 2652 obser-

1246 2669 1393 2724 vavit
1415 2671 1580 2724 ctiam
1609 2667 1862 2726 Barthius
1898 2670 2132 2727 scribens
2155 2668 2254 2728 fic-

1243 2743 1419 2802 cando
1441 2745 1661 2821 corpori
1688 2744 1865 2802 dicere
1899 2747 2242 2814 Minucium,

1243 2821 1316 2876 oh
1385 2822 1694 2880 ambulacra
1764 2821 1936 2881 ostiae
1994 2826 2251 2905 egregia,

1243 2896 1494 2973 qualibus
1528 2896 1730 2956 cur-affe
1775 2918 2001 2977 corpora
2054 2901 2122 2958 ab
2163 2900 2253 2960 su-

1245 2976 1464 3047 perfluis
1492 2973 1818 3032 humoribus
1839 2977 1992 3035 docet
2016 2997 2118 3034 nos
2148 2980 2252 3037 vi·

1242 3050 1454 3108 ttuvius
1475 3051 1574 3109 lib.
1599 3073 1654 3108 v.
1686 3072 1805 3129 cap.
1838 3076 1890 3123 9.
1933 3057 2007 3109 At
2032 3075 2146 3111 non
2177 3053 2249 3112 ad

1241 3145 1363 3183 eam
1395 3126 1651 3186 rem-haec
1677 3130 1974 3186 ambulatio
2008 3128 2252 3189 institui-

1239 3201 1363 3268 t'ut',
1398 3203 1483 3260 sed
1517 3202 1626 3280 ipse
1646 3207 1926 3262 Minucius
1952 3204 2028 3280 ad.
2046 3207 2100 3263 id
2118 3204 2253 3264 fuis:-

1241 3278 1416 3338 seillic
1441 3282 1631 3339 balnea
1667 3283 1896 3341 marinae
1920 3301 2074 3358 aquae
2106 3284 2248 3344 elate

1236 3355 1459 3415 testatur
1489 3375 1512 3414 ε’
1575 3359 1773 3432 quibus
1803 3376 2006 3416 utrum
2050 3359 2250 3418 deinde

1239 3431 1363 3491 usus
1388 3432 1582 3498 fuerit,
1625 3436 1815 3491 nec'ne
1842 3473 1858 3496 ‚
1904 3451 2073 3501 tacet,
2117 3439 2252 3511 quia

1242 3519 1366 3568 non'
1391 3514 1622 3588 pertinet
1654 3511 1725 3567 ad
1775 3510 1933 3583 hujus
1971 3511 2112 3569 libri>
2135 3510 2253 3570 sco-

1238 3607 1372 3664 pum
1415 3583 1704 3644 &.fincm.
1783 3587 1953 3643 Recle
1986 3590 2253 3665 interpres

1239 3667 1481 3721 Gallicus
1499 3701 1516 3727 ,
1559 3680 1711 3737 parce
1735 3682 1832 3738 que
1858 3665 1930 3719 les
1954 3665 2104 3720 baim·
2116 3668 2249 3724 dela

146 3736 229 3794 lus
266 3746 326 3798 de
363 3747 594 3799 marinis
612 3736 891 3813 lavacris]
946 3741 1159 3816 Tacent
1234 3762 1342 3797 mer
1375 3740 1652 3822 m’essoienr
1678 3739 1798 3817 fort
1824 3740 1947 3796 bons
1974 3754 2110 3815 pour
2134 3738 2251 3816 des-

144 3811 229 3871 hic
276 3836 749 3877 commentatores
781 3853 798 3878 ‚
862 3811 1048 3873 nescio
1083 3838 1154 3875 an
1198 3877 1199 3880 ,

141 3892 439 3967 Minucium
457 3898 600 3963 bene
620 3892 1014 3975 intelligentes:
1053 3894 1152 3958 sed
1198 3915 1199 3918 ¹

1213 3815 1416 3893 sticher
1444 3835 1543 3872 mes
1572 3819 1832 3872 humeurs.‘
1870 3819 2213 3875 Gronovius.

1250 3920 1261 3932 ..
1302 3905 1335 3967 4
1369 3897 1508 3959 sang
1525 3894 2005 3963 &advindemiam
2021 3892 2249 4032 fiai}
