2703 4573
467 325 636 427 '244
811 314 937 400 M.
1001 314 1563 398 M1'Nuc11
1627 284 2235 397 Fssttcts'

471 478 549 526 ac
581 449 703 525 nisi
739 452 1018 553 abigatis
1042 513 1060 540 ,
1112 456 1185 528 in
1222 450 1364 549 ipso
1399 452 1509 528 dei
1548 449 1753 526 vestri
1783 473 1902 522 ore
1948 442 2344 524 nidificant.
2423 461 2447 495 ¹
2480 451 2574 526 Aa

474 572 689 622 mneae
726 572 889 624 veto
924 548 1162 627 faciem
1193 548 1332 648 ejus
1368 551 1734 649 intexunt,
1778 549 1853 621 &
1895 547 1981 622 de
2022 544 2171 644 ipso
2201 549 2437 656 capite
2467 550 2576 623 sua

475 644 590 718 fila
617 645 1054 747 suspendunt.
1121 673 1245 722 vos
1280 645 1541 746 tergitis
1580 702 1604 736 ‚
1668 644 2013 719 mundatis
2049 700 2070 728 ,
2127 646 2413 718 eradttis
2437 705 2462 738 ‚
2508 647 2579 720 &

474 741 631 816 illos
657 800 678 832 ,
724 770 896 844 quos
928 742 1186 835 facitis,
1230 743 1629 843 protegitiS‚
1674 743 1749 815 &
1778 739 2055 813 timetis.
2108 743 2316 814 Dum
2367 743 2585 817 unus-

477 838 764 940 quisque
811 838 1105 913 vestrstrn
1168 862 1306 914 non
1354 842 1613 939 cogitat
1650 898 1675 931 ,
1740 839 1929 935 prius
1968 836 2031 911 se
2068 837 2319 913 debere
2361 839 2583 915 deum

480 934 665 1013 nosse
691 996 713 1025 ‚
764 961 968 1034 quam
1003 936 1261 1013 colere:
1309 935 1477 1010 dum
1512 933 1895 1009 inconsulte
1936 933 2246 1036 gestiunt
2279 939 2584 1033 parenti-

482 1032 613 1108 bus
646 1033 922 1108 obedire
957 1061 974 1105 z
1039 1034 1206 1107 dum
1240 1032 1401 1106 ficri.
1422 1032 1690 1107 malunt
1724 1029 1926 1105 alieni
1957 1033 2208 1105 erroris
2244 1030 2584 1128 acce‘ffi0,

389 1180 396 1187 ,
482 1153 690 1230 quam
723 1129 848 1202 fibi
879 1128 1184 1205 credere:
1233 1130 1403 1203 dum
1441 1128 1612 1201 nihil
1645 1153 1731 1201 ex
1761 1130 1866 1201 his
1897 1152 2057 1228 quae
2093 1131 2356 1204 timent
2381 1190 2406 1224 ,
2454 1158 2583 1206 no-
2654 1136 2655 1141 ’

485 1246 647 1299 runt
683 1252 706 1316 3
772 1226 863 1299 fic
906 1227 978 1300 in
1016 1251 1182 1301 auro
1216 1226 1290 1298 &
1320 1245 1613 1326 argento.
1650 1224 1970 1301 2avaritia
1997 1226 2404 1301 consecrata
2444 1229 2584 1318 est3

485 1321 580 1396 fic
601 1321 965 1398 statuarum
998 1324 1297 1398 inanium
1328 1322 1718 1420 consignata
1752 1324 2016 1412 forma3
2066 1334 2091 1383 3
2113 1323 2208 1396 fic
2237 1345 2403 1399 nata
2421 1328 2581 1400 Ro·

486 1420 1099 1516 mana-superstitio
1135 1479 1159 1512 ‚
1221 1444 1519 1518 quorum
1559 1422 1725 1492 ritus
1765 1420 1815 1491 fi
1861 1419 2254 1520 percenseas
2276 1481 2299 1514 ,
2350 1422 2577 1496 riden-

487 1518 577 1592 da
605 1516 1026 1613 quammulta
1058 1575 1084 1611 ,
1148 1519 1363 1591 multa
1400 1516 1602 1592 etiam
1651 1516 2016 1593 miseranda
2047 1519 2229 1592 sunt.
2313 1528 2354 1576 4
2379 1519 2576 1592 Nudi

488 1798 561 1858 pe
591 1797 690 1855 pto
708 1776 908 1837 calcare
930 1782 985 1837 δε
1007 1760 1333 1838 conculcare.
1377 1776 1496 1834 He·-

488 1858 693 1915 raldus.
772 1857 964 1931 Operae
989 1856 1211 1933 quidem
1248 1855 1481 1930 pretium

490 1929 598 1992 fuit
616 1971 634 1999 ,
675 1950 736 1990 ut
756 1933 1023 1991 Heraldus
1051 1933 1105 1989 id
1135 1931 1269 1990 clare
1293 1949 1484 1987 mone-

490 2026 573 2069 tet
597 2037 616 2077 ·,
669 2009 814 2068 unde
832 2028 926 2067 cur
945 2006 1167 2067 disceffit
1190 2007 1454 2066 Ouzelius
1468 2045 1486 2073 ,

492 2104 668 2162 quum
705 2085 856 2143 aliter
878 2086 1273 2143 antecedentem
1298 2083 1491 2164 Rigal-

492 2163 637 2221 tium
663 2159 917 2220 debuiss'et
937 2181 1154 2241 quoque
1178 2160 1360 2249 sequi,
1399 2175 1492 2217 aut

491 2239 846 2299 contumacia:
871 2237 1086 2300 causam
1116 2257 1340 2317 aperite.
1394 2240 1488 2295 In·

494 2333 682 2390 eptum
696 2319 898 2395 quippe
921 2315 998 2375 est
1015 2316 1147 2375 illud
1165 2320 1357 2374 rodunt
1371 2352 1388 2379 ‚
1430 2321 1487 2374 δε

494 2390 559 2451 in
585 2391 690 2450 illis
718 2394 838 2473 quae
867 2392 1166 2452 funduntur
1203 2392 1491 2469 plumban-

493 2487 726 2545 turque,
766 2469 957 2529 falsum
982 2508 1000 2536 ,
1045 2487 1105 2527 ut
1128 2470 1294 2526 mirer
1319 2467 1493 2526 Galli-

497 2564 620 2605 cam
648 2547 945 2605 vetfionen:
970 2549 1088 2612 elles
1109 2547 1368 2604 marchent
1381 2543 1491 2621 dell

378 2688 391 2702 .
482 2622 618 2703 fies,
658 2626 731 2681 les
747 2640 998 2703 gratem,
1039 2626 1108 2680 les
1132 2636 1349 2700 rongent
1377 2659 1395 2687 ‚
1438 2638 1497 2678 ut

501 2698 758 2777 agnoscas
783 2703 840 2758 in
864 2702 1027 2759 verbo
1049 2702 1305 2757 inculcant
1322 2697 1495 2776 inspe-

2365 1617 2575 1691 cruda

1553 1781 1688 1835 Sane
1715 1774 1793 1834 ita
1819 1776 2013 1855 repetit
2042 1792 2184 1836 mot
2211 1797 2227 1834 ε
2290 1782 2383 1837 Ae
2410 1792 2573 1837 tamen

1552 1854 1652 1928 ista
1702 1852 1816 1931 ipſs
1850 1854 2158 1934 fiapevstitio
2197 1856 2466 1915 Romanis
2497 1860 2573 1930 de·

1553 1933 1637 1986 dit
1659 1934 1946 2005 imperium.
1992 1937 2168 1990 Item:
2209 1935 2336 1990 Hee
2358 1935 2571 1991 alumna

1557 2010 1699 2066 urbis
1720 2007 1866 2084 istius
1880 2007 2203 2087 fieperstitio.
2266 2014 2439 2068 Certe
2467 2028 2574 2066 nou

1554 2085 1628 2142 ita
1643 2085 1849 2163 loquio
1891 2103 2131 2144 ortuerat
2154 2086 2263 2144 hoc
2289 2087 2449 2153 loco,
2490 2083 2575 2143 sed

1562 2164 1797 2220 Romana
1799 2106 1983 2296 ‘secra
2015 2186 2034 2228 ,·
2085 2159 2216 2220 huic
2238 2166 2399 2221 enim
2425 2165 2565 2221 Iocu-

1561 2240 1700 2297 tioni
1738 2257 1794 2297 te
1822 2238 2026 2317 pondet
2065 2239 2301 2318 sequens
2329 2258 2572 2317 quorum,

1563 2334 1656 2373 aut
1683 2334 1825 2374 certe
1858 2318 2211 2376 Romanorum
2229 2317 2573 2396 stepeistitio:

1563 2412 1693 2450 nam
1719 2392 1777 2451 id
1804 2394 1866 2451 in
1891 2412 2073 2451 mente
2100 2393 2315 2453 habens
2340 2393 2412 2455 fic
2429 2395 2576 2453 dein-

1564 2469 1633 2527 de
1659 2464 1882 2545 scripsit.
1918 2471 2244 2529 Gronovius.

1640 2567 1673 2611 4
1684 2549 1831 2604 Nudi
1841 2550 2000 2604 cruda
2019 2545 2215 2626 hyeme]
2226 2550 2318 2608 De
2328 2550 2411 2609 Lu
2447 2551 2577 2608 ercis

1564 2627 1619 2681 &
1647 2624 2289 2703 Lupercalibus,quibus
2317 2647 2391 2686 nu
2435 2629 2450 2683 i
2473 2623 2575 2686 dis-

1563 2700 1847 2758 currebant
1886 2701 2011 2758 Liv.
2048 2694 2146 2760 lib.
2193 2718 2244 2760 1.
2308 2702 2574 2764 Plutarch.

502 2772 636 2835 xiffe
668 2777 821 2835 illum
848 2795 1035 2834 notam
1063 2777 1286 2833 Heraldi
1311 2813 1330 2843 ,
1382 2795 1495 2831 non
1569 2775 2574 2853 Rom.Qaest.Val.1ib.7.Varro.1-‘e'·

500 2853 839 2933 probabilem
881 2857 938 2910 in
980 2852 1081 2910 hoc
1123 2850 1241 2929 ipso
1268 2891 1287 2917 ‚
1349 2852 1507 2929 quod*
1567 2851 2007 2912 stu3.Wower.Lu
2049 2857 2575 2919 ercalibustedivina

505 2932 789 2989 Minucius
823 2929 891 2987 ab
925 2933 1021 2988 suo
1051 2931 1314 2986 Cicerone
1353 2948 1499 2987 acce·
1568 2927 1749 2994 fasta,
1793 2929 2001 2988 nudidi
2027 2933 2314 2991 currebant
2330 2935 2576 2999 ludibun-

504 3010 587 3087 pit
613 3009 671 3064 in
698 3011 858 3064 Orat.
889 3024 968 3078 ις.
1045 3008 1182 3063 Alia
1211 3010 1385 3082 prima
1411 3020 1501 3082 po·

503 3097 628 3149 net,
669 3086 781 3141 alia
809 3082 1059 3158 postrema
1078 3121 1096 3149 ,
1134 3085 1506 3157 inculcabitque

504 3163 733 3219 leviora.
772 3154 898 3220 Lib.
918 3178 939 3216 ι
971 3159 1037 3216 de
1052 3177 1191 3216 orat.
1217 3167 1307 3217 28.
1345 3157 1502 3226 Etid,‘

405 3298 413 3307 ,
503 3240 649 3313 quod
667 3240 919 3293 tradatur
939 3273 958 3302 ,
1009 3240 1101 3293 vel
1116 3240 1273 3294 etiem
1295 3239 1506 3294 inculce-

508 3328 601 3371 tur
618 3351 636 3379 ,
658 3314 715 3390 fi
730 3317 845 3388 quis
852 3311 999 3391 sor'te
1009 3315 1087 3390 sie
1110 3316 1350 3378 tardior,
1388 3312 1504 3390 poll

492 3389 560 3470 se
584 3395 839 3468 percipere
870 3394 1042 3449 animo
1072 3394 1136 3454 &¹
1161 3394 1404 3449 memoria
1423 3411 1507 3447 cu·

487 3468 713 3547 stodire.
759 3470 1097 3526 GronoviuS.
1367 3494 1370 3497 ’

597 3565 620 3603 1
664 3550 891 3605 Araneae
917 3542 1078 3621 vero]
1138 3542 1343 3602 Eadem
1368 3543 1511 3623 apud

511 3624 726 3681 Arnob.
756 3623 851 3680 lib.
882 3633 934 3678 6.
973 3630 1237 3681 Wowerus.

597 3721 627 3754 2
667 3704 939 3756 Avaritia
961 3699 1255 3775 consecrata
1277 3693 1391 3772 est]
1430 3699 1515 3757 sic

512 3777 673 3853 supra
689 3815 706 3842 ‚
732 3777 1023 3852 consecrare
1019 3774 1376 3853 fhcrilegium.
1413 3777 1513 3832 Ri-

517 3854 740 3935 galtxus.

601 3947 626 4004 3
669 3932 755 3989 Sic
781 3940 913 3990 nata
935 3929 1171 3989 Romana
1187 3924 1514 4008 fhpetstitio]

1571 3007 1629 3063 di
1658 3043 1676 3071 ,
1717 3007 1942 3083 pellibus
1967 3005 2312 3078 occursantes
2342 3013 2493 3091 quos
2514 3027 2577 3071 ue

1574 3082 1788 3141 sibimet
1810 3083 2168 3144 verberantes.
2213 3090 2465 3147 Lactant.
2500 3091 2573 3148 ib.

1580 3178 1633 3218 1.
1656 3179 1774 3237 cap.
1803 3173 1895 3218 2'1.
1942 3163 2151 3256 Auctor
2167 3167 2385 3255 origin.
2409 3168 2573 3245 gentis

1574 3240 1831 3371 ffe‘iffiassi
1845 3236 1880 3295 f
1870 3239 2044 3392 ⁰5¹3?
2051 3244 2569 3395 321353?⁰{³21.cfi

1577 3386 1707 3448 naff.
1746 3391 1844 3449 lib.
1876 3409 1928 3448 1.
1973 3410 2100 3470 pag.
2130 3404 2226 3465 67.
2270 3392 2575 3454 Plutarchus*

1579 3468 1827 3526 Romulo
1850 3465 1952 3526 fol.
1981 3487 2068 3543 31.
2101 3476 2156 3527 &t
2183 3472 2246 3528 in
2270 3470 2566 3549 Qaestion.

1580 3547 1823 3616 Roman.
1850 3542 1949 3602 fol.
1971 3551 2100 3602 2802
2118 3546 2381 3606 Prudent.
2396 3550 2450 3606 in
2464 3551 2569 3605 Ro·

1581 3631 1752 3680 mano
1776 3639 2011 3699 martyre
2035 3641 2089 3699 p.
2117 3640 2252 3683 210.

1656 3700 1815 3775 ‚Quid
1841 3700 1941 3755 illa
1967 3702 2136 3776 turpis
2143 3702 2379 3779 pompa?
2415 3714 2571 3780 nempe

1729 3776 1975 3851 ignobiles

1655 3852 1751 3912 Vos
1773 3848 1866 3927 effi·
1884 3849 2142 3928 moestu!
2154 3889 2174 3923 ,
2215 3868 2381 3932 qum
2396 3852 2569 3933 lupae?

1725 3930 1973 3989 curritis.

2423 4005 2574 4085 Qun
