2703 4573
436 243 554 352 '56

940 243 1069 332 M.
1129 242 1591 353 Mnemon
1655 243 1850 328 FEL
1874 270 2076 328 1e1s

444 372 696 451 limites
745 380 1144 476 propagavit
1166 437 1189 471 ,
1244 379 1415 451 dum
1462 398 1779 451 exercent
1825 382 1896 452 in
1939 375 2141 450 armis
2191 377 2577 451 virtutem

448 469 825 566 religiosam
852 528 875 562 ‚
924 484 941 514 ¹
973 475 1142 555 dum
1172 473 1411 548 urbem
1446 476 1767 547 muniunt
1802 475 2141 547 sacrorum
2171 472 2577 570 religioni·

447 562 618 648 bus,
665 567 856 639 castis
881 568 1292 665 virginibuS,
1342 570 1577 643 multis
1610 570 1983 642 honoribus
2022 594 2103 642 ac
2124 566 2575 640 nominibus
2663 646 2664 663 ἦ

447 656 910 745 sacerdotum:
954 667 1125 747 dum
1167 664 1399 745 obseffi
1433 722 1456 756 ‚

450 754 663 851 capti,
718 759 1005 851 ²colunt
1024 764 1214 845 Deos
1244 818 1267 852 ,
1314 785 1488 857 quos

450 848 528 921 ὃς
568 859 586 931 3,
616 875 738 945 per
775 855 1142 931 Gallorum
1176 856 1347 931 acics
1381 855 1509 927 mir

448 942 628 1019 ciam
655 970 953 1060 pergunt
991 953 1138 1025 telis
1180 953 1506 1040 inermeS,

1514 668 1587 739 &
1630 665 1792 745 citra
1836 665 2056 739 solum
2087 665 2574 765 Capitolium

1520 763 1687 839 alius
1716 762 1856 858 jam
1880 760 2220 857 spreviffet
2265 761 2510 835 iratos
2539 785 2569 846 3
2663 834 2664 837 ,

1511 856 1775 932 antium
1805 855 2287 953 superstitionis
2315 855 2571 927 auda-

1527 950 1636 1024 sed
1658 952 1856 1025 cultu
1888 951 2230 1048 religionis
2254 949 2563 1023 armatiz

452 1038 671 1133 &dum
701 1065 881 1153 capti
906 1046 980 1155 in
1001 1047 1723 1131 hosti‘libusmoe-nibus
1749 1047 1976 1131 adhuc
2011 1047 2390 1127 ferociente
2439 1046 2567 1118 vi..

524 1294 706 1350 Extra
733 1297 864 1351 anni
875 1293 1111 1373 filtsque
1137 1299 1278 1355 viat.
1358 1296 1451 1355 'El-

452 1367 847 1427 menhorstiuS.

531 1447 691 1502 Ultra
703 1444 842 1521 solis
874 1450 995 1504 vias
1025 1446 1089 1507 ὠ·
1108 1448 1258 1523 ipfius
1291 1452 1453 1512 Ocea-

451 1524 515 1579 m'
546 1520 771 1597 limitesi]
827 1524 1072 1580 Similem
1115 1523 1449 1589 locutionem

453 1605 511 1659 ει
532 1617 657 1655 cum
685 1600 905 1680 Virgilii
941 1601 1062 1656 loco
1094 1619 1188 1681 per
1221 1607 1449 1666 Wowe-

448 1691 577 1730 rum
602 1680 657 1730 &
695 1671 1158 1745 Elmenhotstiurn
1195 1675 1285 1734 hic
1319 1679 1450 1749 cita·

448 1765 509 1806 to
559 1769 931 1825 comparatam
993 1749 1265 1814 monstrat
1317 1756 1449 1811 Nic.

447 1824 708 1887 Heinsius
734 1827 801 1884 ad
829 1826 1192 1892 Claudianum
1220 1828 1346 1891 libr.
1367 1849 1449 1886 11.

449 1901 513 1963 in
541 1899 807 1961 Rufinum
832 1903 969 1962 vers.
999 1924 1124 1983 245.
1162 1905 1407 1963 Gronov.

533 1995 558 2041 ι
605 1983 742 2037 Dum
781 1984 972 2038 Orbem
1011 1984 1250 2038 muniunt
1263 1980 1451 2058 sacro-

449 2073 567 2114 rum
590 2059 824 2132 religion.
849 2056 871 2132 ]
946 2056 1197 2117 Emendo
1221 2094 1238 2120 2
1266 2060 1267 2063 '
1312 2062 1449 2117 Dum

535 2381 567 2417 2
606 2362 797 2418 Colunt
825 2365 960 2419 Deos
984 2398 1001 2427 ‚
1045 2380 1169 2437 quos
1186 2362 1449 2438 aliusjam

435 2434 723 2522 sprewffit
732 2434 921 2510 iratos]
964 2442 1098 2493 Sane
1113 2437 1246 2494 adid
1261 2457 1452 2494 amen-

453 2518 543 2573 t'iae
566 2514 797 2591 legimus
817 2509 1107 2589 processiffe
1133 2514 1449 2578 nonnullos,

448 2592 540 2652 sed
582 2606 718 2665 quos
754 2606 918 2663 poena
946 2587 1173 2663 praesens
1198 2591 1450 2647 coercuit.

356 2729 357 2736 χ
451 2665 788 2741 Exemplum
825 2661 928 2721 fert
954 2663 1188 2721 Ovidius
1220 2667 1452 2721 Icmona

448 2745 552 2813 lib.
579 2760 701 2798 nv.
726 2747 863 2812 487.
918 2741 1073 2817 Qicl
1095 2742 1245 2804 habet
1270 2743 1314 2795 C
1349 2742 1454 2797 the-

447 2822 552 2878 νὲα
581 2855 597 2883 ,
640 2819 781 2891 quod
806 2817 953 2872 ultra
976 2818 1155 2885 (Velle
1178 2830 1305 2889 puta
1355 2816 1454 2892 fa-

447 2895 602 2956 ciat?
651 2911 772 2947 nam
809 2893 928 2950 dum
952 2890 1132 2966 pejora
1164 2895 1466 2960 timentur,-

447 2970 542 3045 Efl
571 2971 628 3024 in
650 2980 777 3025 vota
802 2968 938 3027 locus
959 2989 978 3030 ,-
1017 2964 1142 3041 sors
1161 2979 1337 3023 autem
1365 2970 1453 3024 ubi

442 3042 649 3124 peffima
671 3061 842 3099 rerum
871 3083 888 3109 ,
927 3044 1031 3108 Sub
1054 3044 1263 3116 pedibus
1294 3046 1454 3109 timor

446 3121 520 3197 est
545 3158 562 3185 ‚
609 3117 894 3196 ficumque
911 3114 1123 3192 stamma
1175 3120 1452 3176 malorum.

362 3229 366 3234 ·
447 3199 661 3258 Audiat
675 3192 820 3268 ipfh,
857 3195 999 3258 licet,·
1014 3196 1167 3258 licet,
1192 3192 1449 3272 'ursae-it,

422 3276 621 3343 ,oderit
659 3288 824 3327 omnes
852 3270 957 3325 Sub
1002 3271 1246 3328 Diomede
1273 3273 1451 3335 viros,

403 3391 405 3394 .
447 3352 620 3410 odium
665 3358 835 3400 tamen
871 3343 1009 3401 illius
1047 3364 1210 3404 omnes
1239 3347 1453 3420 Sperni-

2305 1141 2568 1220 storia

1514 1296 1577 1353 lis
1622 1302 1676 1354 &
1726 1294 1962 1355 horridis
2007 1295 2151 1372 apud
2191 1295 2562 1356 Cornelium

1514 1374 1796 1429 Tacitum.
1851 1376 2108 1429 Attamen
2136 1390 2308 1449 quum
2339 1369 2425 1428 fic
2459 1375 2561 1428 vi«

1512 1448 1670 1505 deam
1737 1447 1984 1509 exhiberi
2033 1451 2091 1507 in
2149 1447 2553 1512 editionibus,
2647 1482 2656 1485 »

1512 1523 1873 1583 nihilominus
1970 1531 2270 1586 Wowerus
2373 1543 2556 1582 anno

1519 1612 1681 1672 1603.
1734 1602 1795 1657 in
1835 1600 2172 1659 Frobeniana
2205 1641 2221 1668 ,
2295 1600 2553 1656 Elmeru

1516 1674 1747 1733 horstius
1800 1677 1991 1734 eodem
2033 1695 2185 1733 anno
2221 1677 2281 1733 in
2321 1680 2555 1733 Hauo-

1513 1750 1679 1808 vienfi
1719 1750 2002 1810 ediderunt
2038 1756 2214 1820 iratus
2239 1789 2255 1816 ,
2310 1758 2363 1809 &
2397 1751 2554 1815 hine

1512 1827 1764 1884 collector
1829 1831 2122 1887 variarum
2190 1829 2553 1890 Ledionum

1514 1905 1745 1967 notavit,
1772 1903 1971 1987 iratus]
2015 1904 2411 1963 Sabaeusiratos
2432 1942 2453 1969 ‚
2482 1922 2551 1970 nt

1515 1981 1765 2056 ignorem
1800 1981 1942 2039 unde
1961 1983 2205 2058 primum
2233 1979 2379 2037 istud
2408 1986 2548 2041 ira-

1513 2070 1595 2112 tus
1631 2056 1824 2112 exierit
1856 2094 1873 2123 ‚
1937 2055 2089 2127 quod
2125 2060 2313 2117 tame‘n
2367 2060 2550 2119 unico

1514 2131 1856 2206 probandum
1880 2133 2111 2193 videtur.
2151 2135 2271 2190 Nec
2284 2135 2444 2190 enim
2475 2152 2545 2192 ut

1514 2207 1667 2270 dico,
1710 2207 2110 2265 contemserunt
2140 2211 2289 2267 Deos
2315 2209 2501 2267 iratos
2519 2247 2541 2278 ,

1515 2290 1716 2361 quippe
1745 2302 1776 2340 a
1809 2284 2007 2361 quibus
2041 2282 2093 2341 se
2121 2275 2370 2362 castigari
2402 2283 2543 2343 sen-

1514 2360 1717 2418 tiebant
1753 2385 1769 2426 ;
1833 2380 1929 2418 nec
1969 2359 2101 2421 dum
2138 2376 2230 2422 aut
2266 2361 2543 2424 dixerunt

1517 2438 1701 2493 Feriert
1712 2435 1831 2509 jam
1854 2456 1997 2511 quem
2018 2438 2166 2494 volet
2190 2474 2208 2502 ,
2262 2455 2359 2493 aar
2384 2436 2542 2514 lapi·

1517 2510 1779 2576 dovetunt
1803 2512 2092 2589 templa-ac
2111 2511 2388 2575 simulacra
2405 2551 2421 2575 ,
2469 2511 2542 2572 id

1520 2589 1610 2644 irae
1645 2587 1865 2644 illorum
1907 2583 2146 2662 respectu
2184 2588 2269 2646 vel
2307 2588 2539 2650 distum

1519 2662 1601 2724 vel
1622 2658 1831 2725 fastum
1866 2700 1881 2728 ,
1924 2663 2013 2727 sed
2042 2663 2193 2740 quod
2219 2665 2398 2740 magis
2429 2684 2543 2721 ne-

1520 2754 1713 2816 garent
1736 2756 1827 2796 aut
1852 2733 1951 2795 effe
1979 2757 2072 2796 aut
2092 2739 2542 2802 animadvertere

1524 2819 1764 2875 humana
1780 2851 1798 2880 ‚
1843 2814 1989 2874 unde
2011 2815 2109 2892 ipfi
2138 2818 2253 2872 irati
2271 2834 2361 2871 eos
2381 2815 2544 2893 sper·

1523 2891 1721 2947 nebant
1744 2927 1763 2954 ‚
1823 2910 1919 2949 nec
1957 2893 2194 2968 amplius
2227 2892 2405 2949 colere
2445 2892 2542 2949 di.

1526 2966 1860 3043 gnabantur.
1940 2973 2101 3024 Certe
2144 2983 2203 3025 ut
2250 2969 2540 3036 Romani,

1524 3042 1593 3108 fic
1620 3039 1902 3118 Oedipus,
1943 3041 2033 3099 etii
2051 3044 2221 3100 oculis
2236 3045 2403 3101 erutis
2423 3044 2538 3102 foe.

1521 3117 1620 3177 dus
1656 3126 1711 3178 δε
1763 3119 1893 3177 exul
1933 3116 2218 3183 destitutus
2248 3158 2266 3185 ,
2332 3125 2386 3177 δε
2430 3122 2539 3178 ob·

1522 3192 1687 3256 stoeni
1719 3196 1927 3252 ominis
1961 3232 1979 3261 ‚
2039 3213 2225 3253 tamen
2253 3195 2398 3270 apud
2433 3201 2538 3253 So-

1518 3268 1772 3345 phoclem
1810 3270 2163 3329 in‘Colonaeo
2189 3289 2318 3342 29¹·
2397 3272 2535 3330 ήκω

1524 3333 1584 3420 ιβ
1605 3342 1801 3417 καθαιρὶς
1822 3345 2004 3405 ado-2664
2029 3370 2104 3402 τε.
2182 3346 2279 3403 Sed
2307 3367 2424 3405 rem
2455 3367 2545 3406 to·

446 3443 560 3485 mus
580 3459 600 3486 2
645 3422 708 3481 ἐν
725 3425 906 3493 magno
912 3418 1036 3494 stat
1058 3440 1247 3497 magna
1272 3435 1453 3495 poten-
1523 3439 1635 3479 tam
1668 3418 1879 3499 possum
1906 3422 2188 3500 indulgere
2214 3425 2536 3487 austotitati

367 3530 371 3533 ·
449 3502 535 3558 tia
559 3497 702 3555 nobis
725 3533 741 3557 ‚
784 3496 897 3554 Hic
929 3492 1041 3553 fine
1067 3493 1177 3553 fine
1206 3498 1450 3573 impius,
1522 3497 1724 3557 codicis
1753 3498 1921 3554 unici.
1961 3500 2202 3560 Gronov.

449 3582 509 3638 ὃς
543 3591 656 3649 quo
689 3570 854 3648 usque
888 3571 983 3627 vix
1008 3573 1183 3647 pergit
1213 3572 1468 3636 Minucii

1609 3594 1631 3647 3
1674 3571 2241 3650 PerGallorumact'es]
2289 3575 2535 3639 Liv.1ib.

446 3653 649 3714 sermo.
729 3649 798 3704 Et
855 3663 1040 3703 tamen
1091 3646 1180 3704 hic
1229 3666 1453 3723 quoque
1524 3647 1623 3706 lib.
1657 3648 2038 3722 5.Valer.lib.
2078 3668 2129 3706 1.
2160 3668 2282 3728 cap.
2317 3670 2366 3708 1.
2413 3653 2542 3710 1²10-

447 3746 588 3787 mox
622 3723 865 3801 punitur.
942 3724 1062 3779 Nec
1099 3724 1248 3778 enim
1290 3723 1453 3781 credo
1524 3745 1615 3794 rus
1644 3725 1740 3782 lib.
1767 3743 1817 3781 1.
1843 3744 1893 3781 c.
1923 3744 2015 3794 13.
2054 3729 2276 3785 Wower.

448 3820 596 3872 nunc
624 3796 888 3867 inhaerete
911 3797 1192 3864 audiorem
1211 3797 1362 3860 duris
1385 3801 1454 3858 il·
1505 3865 1508 3866 γ

1601 3822 1640 3874 4
1677 3806 1816 3861 Dum
1840 3807 2008 3881 captis
2028 3799 2086 3862 in
2123 3803 2545 3966 bcstilibusignoel·

2355 3902 2391 3941 n
2448 3903 2507 3940 us
