2703 4573
520 230 661 320 DE
717 223 1120 321 ERRORE
1181 236 1467 324 Pno‘ri
1520 234 1887 325 Remo}
1986 334 1991 338 ,
2068 239 2234 354 Ξμς

174 368 468 443 hortem
510 374 729 446 -etiatn
781 374 1122 469 promiffae
1170 373 1805 468 libidinispraemia
1854 366 2239 465 imitatione

179 464 488 562 flagitiofi
532 470 755 541 coitus
790 468 1409 564 repraesentantem.
1502 469 1574 542 Si
1613 468 1764 565 quis
1802 470 2238 544 monstruoso

173 561 566 654 cupiditatis
606 563 848 636 ardore
883 565 953 634 in
993 583 1291 659 paternae
1336 563 1520 643 necis
1558 582 1861 636 armatur
1893 567 2183 638 exitium
2210 623 2235 658 ,

180 654 217 726 εὶ
248 655 422 748 Jove
456 655 674 729 sumat
707 660 1125 755 exemplum.
1170 659 1319 755 Qui
1342 660 1715 732 fraternum
1740 659 2070 732 desiderat
2090 660 2239 735 sa'n-

178 751 459 846 guinem
472 808 501 842 ,,
548 754 1033 854 Corybantum
1071 754 1390 849 sequatur
1425 748 1810 827 institutum
1850 810 1872 844 ,
1938 758 2010 828 &
2048 757 2241 829 inec-4
2287 762 2291 769 '

180 845 360 917 stum
405 846 934 922 desiderantibus
974 849 1012 920 a
1050 850 1227 941 Jove
1265 847 1617 922 sumantur
1661 851 2002 945 exempla.
2074 866 2240 925 cum

184 961 397 1011 matre
430 945 851 1030 concubuit3
879 943 1197 1016 sororem
1235 945 1437 1016 duxit
1470 967 1799 1032 uxorem3
1847 950 1920 1019 &
1958 956 2035 1018 ut
2064 946 2242 1018 in‘te-

181 1057 381 1130 grum
415 1035 676 1112 facinus
721 1038 1037 1135 impleret
1072 1039 1307 1110 incesti
1343 1096 1365 1128 ‚
1428 1039 1635 1111 filiam
1682 1057 1962 1136 quoque
2006 1042 2243 1112 animo

182 1134 603 1227 corruptoris
632 1134 977 1233 aggress‘us
1000 1134 1121 1206 est.
1153 1132 1530 1205 'Inferiores
1549 1135 1789 1231 aliquis
1811 1135 2066 1222 aemulo
2090 1122 2245 1209 stri-

185 1225 351 1297 dore
382 1226 848 1324 persequitur,
871 1268 874 1273 ·
894 1231 967 1301 &1
997 1227 1450 1301 adversarium
1478 1230 1668 1325 cupit
1690 1230 1952 1302 crudeli
1972 1230 2243 1306 feritate

186 1339 511 1416 torquere
536 1374 557 1412 ,
606 1324 693 1395 ab
731 1324 1060 1419 Apolline
1101 1347 1189 1396 ex
1229 1323 1526 1420 Marsyae
1561 1323 1819 1417 casibus
1849 1326 2239 1400 crudelium

185 1432 692 1490 tormentorum
736 1418 922 1491 casus
960 1418 1193 1489 discat.
1249 1418 1577 1491 Alienum
1600 1418 1843 1516 aliquis
1875 1421 2239 1514 defiderat,

186 1511 258 1582 &
297 1512 433 1584 hoc
468 1537 627 1586 cum
664 1534 885 1586 morte
919 1513 1180 1586 domini
1220 1532 1510 1586 conatur
1542 1514 1866 1611 implere,
1913 1515 2139 1588 videat
2163 1537 2249 1588 ut

168 1603 535 1680 -Hercules
581 1609 808 1681 occiso
857 1608 1191 1706 Geryone
1239 1608 1462 1680 Iberas
1499 1603 1800 1705 abegerit
1830 1609 2066 1681 boves.
2165 1602 2244 1685 Si

185 1702 339 1795 quis
374 1703 761 1798 promiscua
806 1705 1166 1777 hominum
1213 1704 1399 1775 caede
1435 1706 1689 1802 gaudet
1715 1760 1737 1792 ‚
1801 1703 2245 1800 praeposteras

183 1795 435 1870 Martis
474 1800 879 1894 cupiditates
918 1800 1278 1893 ‘diligenter
1313 1798 1646 1895 inspiciati
1710 1804 1728 1840 ¹
1756 1800 2026 1873 Semina
2064 1825 2245 1895 pene

167 1893 504 1964 omnium
547 1895 874 1967 scelerum
914 1894 952 1966 εὶ
990 1896 1115 1985 diis
1156 1894 1288 1966 suis
1320 1893 1752 1989 peccantium
1794 1884 1993 1965 turba
2027 1897 2244 1969 colle*—

184 1988 304 2083 git.
375 1989 473 2060 Et
507 2009 586 2063 ut
624 1991 928 2086 perditus
958 1991 1224 2062 animus
1258 1986 1541 2084 impune
1578 1987 1839 2060 facinus
1875 1987 2091 2083 poss'et
2124 1992 2248 2064 ad·-

182 2083 501 2173 mittere,
542 2110 628 2158 ex
666 2085 1206 2181 praecedentibus
1241 2081 1626 2155 facinorum
1663 2083 1995 2178 exemplis
2029 2087 2246 2180 majo-

178 2200 253 2250 re
288 2178 361 2253 se
390 2178 794 2254 auctoritate
829 2179 1162 2252 defendit.
1212 2178 1281 2252 Si
1317 2177 1529 2274 stupri
1566 2179 1844 2275 praernia
1879 2196 2248 2276 corruptor

178 2272 517 2376 inquirit,
563 2275 611 2349 fi
655 2276 834 2351 viam
869 2296 1064 2373 optat
1098 2272 1589 2348 sollicitationis
1620 2273 2007 2365 addiscere,
2052 2274 2243 2356 infia-

182 2397 278 2447 nu
317 2392 666 2472 corruptae
700 2371 1004 2445 mulieris
1037 2394 1280 2443 aurum
1319 2369 1545 2441 videat
1570 2370 1786 2463 JoviS.
1835 2370 1906 2444 Si
1929 2369 2285 2467 publicus,

180 2468 520 2566 parricida
562 2526 586 2559 ‚
652 2467 1072 2544 commiffam
1133 2464 1278 2537 fibi.
1312 2464 1507 2559 regni
1558 2464 1934 2538 custodiam
1995 2466 2280 2539 nefaria-

181 2569 483 2662 prodere
511 2565 887 2659 cupiditate
921 2560 1288 2649 defiderat,
1335 2558 1643 2655 respiciat
1670 2561 1749 2631 ad
1779 2582 1893 2631 eos
1914 2614 1937 2647 ,
1983 2562 2102 2655 qui
2126 2565 2249 2635 Sa-

176 2677 471 2736 turnum
510 2660 657 2732 filio
698 2657 1171 2754 prodiderunt.
1259 2653 1623 2749 Qatenus
1649 2656 1762 2749 jus
1797 2653 2082 2726 laedatur
2119 2656 2249 2727 ho-

177 2756 360 2854 spitii
390 2814 415 2848 ,
462 2756 577 2830 vel
612 2774 946 2849 quatenus
978 2750 1293 2823 amicitiae
1312 2752 1466 2844 jura
1489 2747 1895 2837 turbentur,
1941 2748 2055 2820 vel
2077 2773 2284 2849 qua-¹·

176 2851 386 2927 tenus
426 2846 674 2923 mensae
710 2846 1100 2920 conciliatio
1136 2844 1358 2916 sancta
1402 2844 1743 2930 violetur3
1790 2843 1837 2916 fi
1861 2844 2013 2939 quis
2035 2848 2117 2916 ad
2141 2846 2250 2919 in-

164 2949 426 3045 juriam
465 2968 723 3043 pronus
761 2944 1006 3038 quaerit
1033 2941 1205 3030 ess'e,
1249 2937 1562 3010 ordinem
1589 2938 1916 3012 scelerum
1941 2932 2026 3011 de
2048 2940 2249 3014 Tan-

171 3045 294 3116 tali
338 3043 605 3118 casibus
646 3037 875 3109 discat.
958 3036 1032 3110 O
1065 3030 1460 3107 facinorofie
1493 3033 1885 3130 cupiditatis·
1913 3034 2101 3107 triste
2138 3035 2248 3107 so-'

170 3140 427 3215 latium
470 3138 486 3210 l
550 3137 623 3210 O
659 3134 1017 3205 hominum
1053 3129 1364 3203 deflenda
1395 3127 1726 3221 persuafio
1761 3130 1777 3202 !
1846 3128 1918 3200 O
1954 3130 2248 3204 infelicis

169 3234 586 3312 imitationis
616 3246 898 3304 cruenta
934 3224 1322 3302 meditatio!
1376 3231 1399 3261 ²
1420 3223 1709 3298 Scenam
1738 3225 1823 3298 de
1860 3224 2045 3297 coelo
2077 3225 2250 3395 faci·
2352 3258 2363 3262 ·

385 3371 390 3376 ·
1149 3355 1152 3364 ³
2161 3329 2256 3414 is,'

165 3467 467 3574 pretantur
489 3487 581 3547 illa
604 3527 622 3557 ,
664 3509 784 3568 quae
810 3478 1009 3569 profert
1034 3482 1184 3543 suid.
1341 3498 1366 3538 ι
1422 3483 1630 3539 Semina
1649 3477 1897 3556 fielerum
1941 3477 1977 3534 a
2003 3480 2107 3555 piis
2121 3476 2246 3556 sicis

162 3590 241 3628 ex
270 3572 450 3625 Semo
475 3568 877 3626 Grammatico:
921 3567 969 3617 οἵ
992 3560 1063 3629 023
1087 3558 1184 3616 ἰθύ·
1238 3562 1550 3653 peccantium
1563 3559 1716 3614 turba
1729 3550 1953 3630 collegit]
1978 3553 2247 3617 Emendat

155 3656 397 3716 φαλλοι,
448 3646 726 3716 προσωπεῖα
762 3637 1016 3716 mettin-m
1059 3627 1184 3708 εἷχρν
1233 3655 1268 3689 a
1288 3636 1393 3689 diis
1401 3631 1540 3709 fitis.
2230 3655 2239 3704 '.

164 3715 256 3779 acuo*
272 3714 498 3794 xesptdbz
523 3714 750 3790 ὡσιιιὶις,
792 3712 1075 3791 καὶχιτόιοι
1091 3709 1187 3790 με’-
1309 3728 1359 3774 ,2
1397 3711 1440 3762 C
1441 3726 1601 3765 oenam
1625 3709 1686 3765 de
1705 3710 1820 3765 coelo
1829 3706 2056 3785 stetistis}
2105 3710 2245 3782 Vera

151 3798 326 3875 74sz
346 3794 565 3871 σφυρὸν.
1245 3777 1325 3843 est
1343 3781 1688 3844 emendatio:
1708 3781 1932 3844 scenam
1957 3789 2020 3845 de
2041 3782 2250 3934 ςαξοβ-

245 3907 256 3918 ⁴
2089 3877 2133 3917 cl
2180 3877 2247 3917 88·
