2703 4573
347 332 352 337 ¹
414 305 589 417 '214

418 436 684 500 editiones
718 439 933 507 insedit.
1014 447 1263 501 Tantum
1299 462 1427 501 veto

422 514 610 577 absum
642 536 763 574 eam
794 538 852 577 ut
880 519 1104 595 probem
1135 557 1152 585 ,
1210 538 1270 577 ut
1293 539 1430 576 con-

422 607 508 652 tra
542 590 770 669 priscam
798 603 852 654 &
880 599 1182 674 genuinam
1218 595 1429 652 mordi-

415 686 517 726 cus
544 672 684 725 tueri
710 690 822 728 non
850 673 1094 731 dubitem
1125 709 1142 737 ,
1192 691 1320 730 cum
1350 671 1428 727 rei

421 741 585 828 ipfiun
603 744 974 821 perspicuitate
990 786 1007 816 ‚
1048 766 1167 805 tum
1184 758 1425 805 veterum

425 817 696 883 librorum
743 826 1061 882 aue'roritate
1096 821 1303 881 fretus:
1368 825 1428 880 in

421 896 626 1029 auibus
651 895 806 956 facile
833 904 1130 977 principem
1150 896 1326 957 statuo
1340 918 1429 956 co-

468 991 604 1029 icem
637 973 1129 1047 praestantiffimum
1153 977 1434 1034 Urbinatis

428 1049 813 1115 Bibliothecae‚
852 1072 971 1129 qua:
1001 1072 1170 1129 nuper
1193 1052 1427 1109 Alexan·

423 1122 516 1210 dri
536 1127 761 1201 Septimi
793 1128 1171 1205 sapientissimi
1206 1124 1436 1185 Pontifi-

428 1215 508 1259 τις
533 1201 837 1262 immortali
865 1202 1146 1262 beneficio-
1165 1206 1436 1262 Vaticanae

429 1273 632 1336 aceeffit
664 1305 680 1344 ς
738 1280 797 1335 in
821 1300 931 1357 quo
955 1283 1032 1338 ita
1057 1282 1156 1338 scri
1202 1296 1317 1336 tum
1357 1299 1435 1336 re-

429 1353 572 1428 peri..
614 1350 745 1413 I-laec
770 1355 838 1413 ad
860 1359 1051 1415 Dianae
1076 1360 1155 1433 Ep
1198 1354 1313 1414 efiae
1332 1353 1455 1411 sta·'

431 1442 550 1484 tuas·
582 1464 600 1492 ‚
667 1430 1037 1508 nummosque
1071 1450 1270 1489 veteres
1314 1429 1435 1488 illu-

430 1499 686 1564 strandos
726 1504 905 1582 scripfi
934 1546 951 1572 ,
1018 1527 1078 1565 ut
1119 1526 1308 1564 mutua
1341 1526 1431 1566 eo-

430 1579 665 1639 rundem
688 1602 793 1659 ope
815 1584 925 1641 duo
949 1603 1187 1640 veterum
1217 1582 1437 1659 scripto-

430 1673 558 1742 rum
609 1659 727 1714 loca
774 1663 960 1717 miuus
998 1662 1139 1717 reete
1178 1658 1438 1716 haetenus

430 1731 703 1790 intellecta
743 1732 777 1791 a
806 1737 1135 1793 Criticorum
1168 1752 1438 1810 corrupte-

431 1806 502 1863 lis
527 1808 892 1869 vindicarem}
933 1830 1051 1869 tum
1080 1831 1206 1868 vero
1231 1819 1286 1868 ut'
1317 1812 1437 1868 iliu·

433 1879 531 1940 stri
564 1887 821 1962 exemplo
855 1886 1193 1963 ostenderem
1226 1925 1245 1952 ,
1299 1889 1437 1943 anti«

433 1961 660 2034 quitatis
684 1963 925 2021 studium
956 1984 1068 2021 uon
1101 1962 1437 2019 metiendum

433 2035 590 2093 inani
618 2038 973 2098 delectatione
999 2078 1016 2106 ‚
1070 2040 1155 2097 sed
1179 2039 1334 2095 suum
1364 2040 1442 2095 illi

435 2110 680 2172 constare
716 2115 1008 2184 fructum,
1069 2113 1110 2173 fi
1136 2116 1279 2172 redte
1301 2114 1445 2174 cola-

433 2202 542 2245 tur.

516 2265 709 2341 Qud?
753 2288 823 2326 an
854 2288 967 2326 non
996 2265 1247 2326 monstro
1276 2265 1449 2336 simile

438 2336 517 2397 est
538 2343 834 2401 Ouzelium
866 2365 958 2421 per
983 2345 1072 2401 illa
1095 2346 1198 2400 alia
1227 2342 1291 2401 {ic
1316 2364 1449 2400 exu-

436 2414 717 2475 berantem
753 2420 891 2478 nihil
916 2416 1110 2478 afferre
1132 2419 1200 2476 ad
1230 2417 1343 2477 haec
1362 2440 1449 2476 ve·

437 2510 539 2549 rua
577 2494 814 2568 Ephesiae
843 2508 859 2552 Ξ
918 2498 1093 2572 Qod
1129 2515 1230 2553 nos
1258 2490 1453 2551 afferre

440 2565 751 2654 possumne,
795 2572 898 2631 hoc
925 2576 1037 2637 est,
1081 2591 1277 2648 nempe
1308 2570 1451 2629 solli-

439 2661 615 2703 citum
668 2649 818 2705 valde
853 2647 1047 2708 haefisse
1089 2651 1146 2705 iu
1198 2649 1450 2714 hocloco

442 2725 812 2790 Wowerum,
868 2725 1015 2801 quod
1060 2743 1236 2802 patere
1277 2721 1453 2798 potest

404 2806 407 2810 ’
443 2815 513 2883 ‘3‘
556 2797 782 2857 secunda
824 2804 1067 2860 centuria
1102 2799 1451 2876 epistolarum

444 2891 557 2944 ejus
586 2894 742 2932 num.
765 2884 897 2949 37¹&
922 2885 982 2950 38
1005 2913 1021 2941 ‚
1051 2894 1111 2933 ut
1134 2879 1324 2932 mirati
1344 2895 1457 2932 non

447 2968 697 3023 oporteat
722 2971 982 3031 magnam
1014 2953 1125 3024 ejus
1150 2971 1336 3016 notam
1357 2990 1371 3014 ‚
1406 2959 1456 3008 &

444 3024 507 3080 in
563 3027 857 3085 haesitando
908 3046 1093 3084 tamen
1163 3025 1461 3103 probaviss'e

447 3105 689 3159 verubus.
772 3107 839 3160 Et
878 3123 1013 3161 certe
1055 3101 1093 3159 fi
1136 3102 1227 3161 hic
1257 3104 1459 3160 lee’tum

447 3173 628 3234 fuiss‘et
652 3180 917 3243 uberibus,
939 3182 1118 3235 ‚etiam
1145 3178 1376 3236 scribam
1404 3178 1459 3235 id

442 3253 631 3337 eredas
673 3252 1045 3332 expressurum
1091 3250 1285 3320 fuiffe,
1333 3253 1463 3312 ficut

446 3325 594 3385 :nfra
619 3343 744 3407 cap.
771 3351 987 3394 ,xxxvr
1021 3329 1267 3407 expressit
1316 3334 1460 3402 reste

446 3406 674 3464 uberius.
717 3409 868 3463 Dum
898 3410 1094 3464 veroin
1121 3413 1239 3463 MS.
1262 3408 1461 3484 legitur

446 3483 688 3548 veribus,
731 3486 789 3539 in
816 3504 881 3540 eo
905 3484 1094 3559 probat
1108 3482 1273 3541 fidem
1303 3484 1457 3541 suam

447 3556 512 3624 in
544 3577 713 3615 manu
742 3561 976 3618 Minucii
1004 3558 1279 3622 servanda,
1299 3560 1462 3636 quip-

448 3650 521 3710 pe
542 3635 639 3709 qui
668 3631 830 3693 istum
858 3635 1036 3694 casum
1068 3656 1160 3710 per
1186 3638 1200 3691 i
1226 3634 1457 3700 extulit,

449 3714 512 3764 ut
535 3709 819 3782 docetcap.
843 3729 902 3770 ιι
926 3732 939 3766 ι
973 3709 1317 3786 τῦβιιέῖἰύω,
1336 3730 1458 3787 cap.

449 3782 701 3871 xvrrjr}
732 3788 925 3862 estibus
954 3824 973 3853 ‚
1014 3787 1165 3865 quod
1203 3787 1458 3845 debuerat

443 3876 664 3946 notari?
704 3880 765 3922 ut
790 3868 1077 3943 perperam
1100 3882 1324 3945 utraque
1339 3867 1458 3925 Ro·

899 304 1551 394 M.M1Nuc11
1616 301 2028 401 Furere·
2128 348 2153 355 -
2294 332 2317 349 ‘

1499 462 1665 502 mana
1698 440 1869 498 editio
1914 447 1969 498 &
2010 434 2194 496 sabaei
2257 439 2320 492 ὅ(
2364 431 2534 497 Fulvii

1499 519 1683 579 Urfiui
1713 518 1941 574 voluerit
1959 531 2215 572 accurate
2248 509 2532 568 observate

1497 615 1756 654 normam
1786 591 2190 651 Grammaticae
2210 591 2276 645 in
2301 585 2538 644 declina-

1497 675 1648 735 tione
1664 671 2057 748 quarta.Verua
2071 685 2219 722 vero
2236 661 2351 722 ista
2368 679 2535 738 quum

1501 745 1817 805 Holstenius
1853 744 2082 822 explicet
2129 745 2213 798 iis
2258 739 2445 796 verbis
2487 744 2538 794 δε

1500 822 1686 889 seusu,
1728 840 1888 899 prout
1923 820 2068 897 apud
2106 837 2257 876 eum
2304 817 2535 893 legitur,

1500 917 1719 976 apparet
1737 898 1985 963 uimisab
2008 915 2074 952 eo
2097 896 2332 971 captari
2350 908 2537 959 vocem

1502 975 1790 1050 exstruHa.
1856 978 1940 1030 An
1969 974 2140 1048 igitur
2168 977 2233 1026 δε
2267 985 2538 1026 mammae

1502 1069 1657 1109 erant
1679 1049 2059 1109 sustentacula:
2104 1065 2255 1104 nam
2275 1053 2334 1102 δι
2362 1044 2434 1101 ad
2452 1042 2542 1099 has

1506 1126 1692 1185 referti
1723 1127 1878 1184 debet
1897 1124 1950 1181 τὶ
1982 1123 2268 1198 exstruHa
2298 1124 2325 1177 ἓ
2371 1116 2541 1194 Qafi

1504 1224 1632 1260 vero
1672 1203 1850 1265 nullus
1882 1197 2081 1260 artifex
2112 1198 2294 1275 pedes
2326 1196 2443 1253 bafi
2470 1199 2542 1255 ita

1509 1278 1749 1359 adfigere
1797 1275 2114 1353 interposito
2160 1273 2333 1331 ferro
2374 1273 2543 1347 aliove

1507 1372 1831 1432 coagmento
1858 1354 2123 1430 potuerit,
2140 1368 2212 1407 ut
2238 1346 2425 1411 statua
2448 1346 2539 1403 ob-

1508 1434 1699 1493 tineret
1724 1429 1920 1487 statum
1944 1428 2126 1506 3quod
2150 1446 2273 1504 ego
2305 1436 2542 1481 nouere-

1509 1508 1582 1565 do
1609 1526 1690 1564 tot
1713 1508 1936 1564 Hermis
1964 1504 2110 1563 aliud
2138 1500 2540 1559 mouentibus,

1512 1583 1774 1660 thuaeso
1799 1602 1890 1640 cur
1906 1581 2191 1656 AEgyptiis
2214 1576 2418 1635 statuis
2434 1593 2538 1631 non

1511 1679 1801 1725 occurrunt
1821 1659 1950 1714 talia
1991 1655 2370 1715 sustentacula
2394 1650 2540 1708 addi4

1514 1754 1568 1792 ta
1588 1747 1604 1791 ἒ
1626 1734 1926 1791 Ima-,oilla
1959 1735 2076 1791 suut
2090 1731 2291 1790 forsan
2314 1728 2532 1808 quidem

1512 1811 1643 1869 huic
1666 1811 1800 1888 parti
1818 1830 2037 1886 quoque
2064 1807 2214 1866 nihil
2240 1827 2362 1864 non
2381 1802 2537 1862 inser-

1513 1891 1745 1953 vientia,
1786 1884 1869 1943 sed
1900 1887 2082 1962 procul
2107 1885 2296 1942 dubio
2326 1880 2539 1938 suerunt

1515 1982 1842 2020 ornamenta
1859 1964 2172 2040 margaritis
2199 1974 2461 2017 connexa
2486 1961 2534 2010 δε

1519 2038 1811 2113 majestatis
1836 2037 2100 2116 iusignia,
2143 2037 2362 2113 quibus
2399 2031 2539 2089 fimi:-

1516 2117 1589 2172 lia
1617 2113 2038 2188 quodammodo
2058 2113 2248 2170 videas
2264 2109 2534 2179 tribuiJuq

1516 2193 1655 2249 noui
1680 2193 1874 2249 Samia:
1913 2189 2056 2267 apud
2094 2185 2436 2246 Tristanum
2484 2198 2532 2244 t,

1521 2288 1656 2341 757.
1685 2274 1737 2324 &
1763 2288 1883 2341 352.
1919 2285 2009 2333 11,
2043 2285 2172 2342 337.
2223 2255 2532 2339 Etsicapud

1520 2343 1806 2400 Tibullum
1840 2342 2001 2402 habes
2036 2363 2086 2407 1,
2121 2354 2152 2399 6
2189 2346 2426 2415 Statque
2456 2337 2531 2391 la-

1521 2435 1601 2476 tus
1617 2422 1836 2495 praefixa
1863 2439 1995 2478 veru
2013 2457 2030 2484 ,
2075 2417 2367 2494 &fidigna
2384 2427 2533 2471 verua

1520 2493 1849 2554 illustrantur
1871 2495 1938 2552 ab
1957 2492 2337 2553 Nic.Heinfio
2349 2490 2416 2547 ad
2434 2491 2531 2546 Va-

1521 2573 1715 2630 lerium
1746 2571 1988 2627 Flaccum
2012 2609 2028 2634 ‚
2070 2589 2126 2627 ut
2157 2572 2295 2636 sci-as
2321 2588 2391 2625 ex
2407 2580 2531 2643 qua·

1522 2665 1732 2722 cunque
1750 2650 1975 2704 materia
2000 2646 2067 2703 {ic
2086 2646 2189 2703 dici
2206 2688 2219 2703 .
2256 2643 2358 2703 Sed
2371 2644 2529 2698 etiam

1522 2745 1589 2781 ex
1622 2720 1817 2781 Gloffis
1848 2723 2112 2780 veteribus
2139 2725 2273 2778 citat
2302 2714 2527 2780 Valesius

1524 2801 1914 2879 ad.Euagrium
1942 2798 2040 2857 lib.
2059 2818 2081 2855 x
2104 2797 2328 2856 Histor.
2348 2784 2529 2852 Ecclcs·

1525 2897 1646 2954 cap.
1673 2894 1756 2944 14.
1799 2878 1982 2933 Clatri
2000 2914 2016 2941 ,
2037 2876 2217 2937 κανόνες
2235 2891 2261 2942 ,’
2297 2878 2343 2929 εἰ
2365 2868 2528 2924 ὡτιίἒ

1524 2955 1708 3023 θυρίσιν
1735 2947 1974 3009 ὅζὲλιο-κοι
1995 2990 2013 3016 ,
2052 2950 2201 3028 quod
2244 2953 2380 3009 bene
2411 2960 2527 3001 con·

1528 3030 1674 3084 veuit
1710 3047 1833 3085 cum
1878 3026 2239 3104 Instriptione
2280 3044 2373 3104 per
2406 3017 2528 3079 1-101·

1527 3101 1765 3162 stenium
1793 3104 1949 3160 allata
1979 3111 2031 3161 &
2054 3105 2282 3179 repetita
2313 3100 2379 3158 ab
2406 3102 2524 3170 Spo-

1529 3181 1624 3237 nio
1655 3181 1716 3237 in
1744 3180 2047 3238 Miscellan.
2074 3200 2199 3259 pag.
2225 3200 2356 3253 292.
2408 3175 2528 3232 Haec

1529 3276 1673 3319 nuuc
1713 3256 1966 3336 colligere
2005 3256 2164 3314 debui
2195 3294 2213 3322 ,
2256 3267 2395 3333 ‘quat
2424 3249 2518 3321 jam

1530 3334 1817 3414 attigeram
1854 3339 1912 3391 in
1958 3332 2277 3407 praefatione
2308 3347 2396 3387 νη
2424 3325 2521 3410 ΥΟ·

1531 3408 1760 3467 luminis
1798 3412 1858 3465 in
1906 3407 2191 3466 Thesauro
2230 3408 2521 3481 Antiquita-

1532 3501 1651 3541 tum
1676 3488 2015 3544 Graecarum.
2055 3487 2376 3544 Gronovius.

1613 3580 1635 3617 1
1665 3564 1860 3618 Tm’via
1876 3565 2037 3618 trinis
2049 3564 2320 3638 capitibus,
2334 3560 2394 3620 «θ’
2406 3543 2521 3610 mut·

1530 3638 1602 3692 tis
1627 3637 1865 3692 manibus
1887 3635 2164 3713 horrifica]
2210 3629 2427 3694 §eumad
2443 3623 2517 3682 illa!

1530 3715 1691 3791 Vitg.
1717 3713 1944 3769 AEueid.
1975 3734 2030 3781 4„
2096 3709 2518 3789 Tergeminamque

1528 3791 1748 3844 Hecaten
1768 3827 1784 3852 ,
1828 3794 1942 3846 tria
1973 3793 2205 3866 virginis
2221 3808 2313 3847 ora
2335 3786 2516 3844 Diane-

1529 3863 1664 3925 Inde
1674 3887 1720 3942 'f
1730 3862 1942 3942 ίμσξφος
1959 3903 1976 3935 ,
2019 3865 2387 3944 τριωοκὲφοιλος
2398 3895 2413 3925 2
2424 3877 2427 3878 ’
2438 3860 2519 3939 'ff‘

2423 3947 2520 4005 προ-ξ

2647 3565 2649 3634 4
