<?xml version="1.0" encoding="UTF-8"?>
<!DOCTYPE html PUBLIC "-//W3C//DTD XHTML 1.0 Transitional//EN"
    "http://www.w3.org/TR/xhtml1/DTD/xhtml1-transitional.dtd">
<html xmlns="http://www.w3.org/1999/xhtml" xml:lang="en" lang="en">
 <head>
  <title>
</title>
<meta http-equiv="Content-Type" content="text/html;charset=utf-8" />
  <meta name='ocr-system' content='tesseract 3.04.00' />
  <meta name='ocr-capabilities' content='ocr_page ocr_carea ocr_par ocr_line ocrx_word'/>
</head>
<body>
  <div class='ocr_page' id='page_1' title='image "./mminuciifelicis00mategoog_0171.png"; bbox 0 0 2703 4573; ppageno 0'>
   <div class='ocr_carea' id='block_1_1' title="bbox 729 221 2251 344">
    <p class='ocr_par' dir='ltr' id='par_1_1' title="bbox 729 221 2251 344">
     <span class='ocr_line' id='line_1_1' title="bbox 729 221 2251 344; baseline 0.007 -40"><span class='ocrx_word' id='word_1_1' title='bbox 729 221 1647 344; x_wconf 23' lang='lat' dir='ltr'>One-rivius.</span> <span class='ocrx_word' id='word_1_2' title='bbox 2102 253 2251 342; x_wconf 82' lang='lat'>135</span> 
     </span>
    </p>
   </div>
   <div class='ocr_carea' id='block_1_2' title="bbox 143 353 2258 847">
    <p class='ocr_par' dir='ltr' id='par_1_2' title="bbox 143 353 2258 847">
     <span class='ocr_line' id='line_1_2' title="bbox 157 353 2258 459; baseline 0.004 -27"><span class='ocrx_word' id='word_1_3' title='bbox 157 353 636 432; x_wconf 79' lang='lat' dir='ltr'><strong>mendacium.</strong></span> <span class='ocrx_word' id='word_1_4' title='bbox 731 356 967 454; x_wconf 85' lang='lat' dir='ltr'>ltaque</span> <span class='ocrx_word' id='word_1_5' title='bbox 1025 383 1166 456; x_wconf 94' lang='lat' dir='ltr'>quo</span> <span class='ocrx_word' id='word_1_6' title='bbox 1202 361 1441 459; x_wconf 83' lang='lat' dir='ltr'>saepius</span> <span class='ocrx_word' id='word_1_7' title='bbox 1484 360 2071 439; x_wconf 71' lang='lat' dir='ltr'>asseverationibus</span> <span class='ocrx_word' id='word_1_8' title='bbox 2111 392 2258 440; x_wconf 61' lang='lat' dir='ltr'>cres-</span> 
     </span>
     <span class='ocr_line' id='line_1_3' title="bbox 147 452 2255 555; baseline 0.006 -29"><span class='ocrx_word' id='word_1_9' title='bbox 147 457 378 541; x_wconf 82' lang='lat' dir='ltr'>dunt,</span> <span class='ocrx_word' id='word_1_10' title='bbox 452 478 540 525; x_wconf 89' lang='lat' dir='ltr'>eo</span> <span class='ocrx_word' id='word_1_11' title='bbox 575 452 998 547; x_wconf 82' lang='lat' dir='ltr'>frequentius</span> <span class='ocrx_word' id='word_1_12' title='bbox 1058 461 1094 527; x_wconf 68' lang='lat' dir='ltr'>a</span> <span class='ocrx_word' id='word_1_13' title='bbox 1145 456 1576 554; x_wconf 81' lang='lat' dir='ltr'>peritioribus</span> <span class='ocrx_word' id='word_1_14' title='bbox 1639 480 2043 555; x_wconf 80' lang='lat' dir='ltr'>arguuntur.</span> <span class='ocrx_word' id='word_1_15' title='bbox 2140 465 2255 537; x_wconf 83' lang='lat' dir='ltr'>Sic</span> 
     </span>
     <span class='ocr_line' id='line_1_4' title="bbox 143 547 2254 649; baseline 0.005 -26"><span class='ocrx_word' id='word_1_16' title='bbox 143 550 411 624; x_wconf 83' lang='lat' dir='ltr'>affidue</span> <span class='ocrx_word' id='word_1_17' title='bbox 440 547 813 620; x_wconf 82' lang='lat' dir='ltr'>temeritate</span> <span class='ocrx_word' id='word_1_18' title='bbox 849 548 1161 646; x_wconf 82' lang='lat' dir='ltr'>decepti,</span> <span class='ocrx_word' id='word_1_19' title='bbox 1214 563 1234 594; x_wconf 82' lang='lat'><em>¹</em></span> <span class='ocrx_word' id='word_1_20' title='bbox 1257 554 1531 647; x_wconf 86' lang='lat' dir='ltr'>culpam</span> <span class='ocrx_word' id='word_1_21' title='bbox 1557 554 1804 649; x_wconf 87' lang='lat' dir='ltr'>judicis</span> <span class='ocrx_word' id='word_1_22' title='bbox 1846 556 2254 634; x_wconf 81' lang='lat' dir='ltr'>transferunt</span> 
     </span>
     <span class='ocr_line' id='line_1_5' title="bbox 149 643 2257 739; baseline 0.006 -22"><span class='ocrx_word' id='word_1_23' title='bbox 149 646 237 717; x_wconf 88' lang='lat' dir='ltr'>ad</span> <span class='ocrx_word' id='word_1_24' title='bbox 276 645 517 717; x_wconf 83' lang='lat' dir='ltr'>incerti</span> <span class='ocrx_word' id='word_1_25' title='bbox 554 643 897 739; x_wconf 85' lang='lat' dir='ltr'>querelam</span> <span class='ocrx_word' id='word_1_26' title='bbox 923 699 945 732; x_wconf 88' lang='lat'>‚</span> <span class='ocrx_word' id='word_1_27' title='bbox 999 658 1023 687; x_wconf 82' lang='lat'>²</span> <span class='ocrx_word' id='word_1_28' title='bbox 1048 666 1127 717; x_wconf 92' lang='lat' dir='ltr'>ut</span> <span class='ocrx_word' id='word_1_29' title='bbox 1160 648 1489 720; x_wconf 84' lang='lat' dir='ltr'>damnatis</span> <span class='ocrx_word' id='word_1_30' title='bbox 1523 648 1848 721; x_wconf 88' lang='lat' dir='ltr'>omnibus</span> <span class='ocrx_word' id='word_1_31' title='bbox 1888 653 2130 726; x_wconf 86' lang='lat' dir='ltr'>malint</span> <span class='ocrx_word' id='word_1_32' title='bbox 2174 681 2257 729; x_wconf 89' lang='lat' dir='ltr'>u-</span> 
     </span>
     <span class='ocr_line' id='line_1_6' title="bbox 151 736 2257 847; baseline 0.004 -32"><span class='ocrx_word' id='word_1_33' title='bbox 151 740 420 816; x_wconf 85' lang='lat' dir='ltr'>niversa</span> <span class='ocrx_word' id='word_1_34' title='bbox 454 736 891 836; x_wconf 74' lang='lat' dir='ltr'>suspendere,</span> <span class='ocrx_word' id='word_1_35' title='bbox 943 744 1254 837; x_wconf 88' lang='lat' dir='ltr'>quamde</span> <span class='ocrx_word' id='word_1_36' title='bbox 1287 743 1635 818; x_wconf 83' lang='lat' dir='ltr'>fallacibus</span> <span class='ocrx_word' id='word_1_37' title='bbox 1667 745 1985 843; x_wconf 87' lang='lat' dir='ltr'>judicare.</span> <span class='ocrx_word' id='word_1_38' title='bbox 2031 749 2257 847; x_wconf 84' lang='lat' dir='ltr'>Igitur</span> 
     </span>
    </p>
   </div>
   <div class='ocr_carea' id='block_1_3' title="bbox 2059 845 2258 920">
    <p class='ocr_par' dir='ltr' id='par_1_3' title="bbox 2059 845 2258 920">
     <span class='ocr_line' id='line_1_7' title="bbox 2059 845 2258 920; baseline 0.01 -2"><span class='ocrx_word' id='word_1_39' title='bbox 2059 845 2258 920; x_wconf 88' lang='lat' dir='ltr'>nobis</span> 
     </span>
    </p>
   </div>
   <div class='ocr_carea' id='block_1_4' title="bbox 136 982 1173 2339">
    <p class='ocr_par' dir='ltr' id='par_1_4' title="bbox 136 982 1173 2339">
     <span class='ocr_line' id='line_1_8' title="bbox 145 982 1172 1064; baseline 0.001 -21"><span class='ocrx_word' id='word_1_40' title='bbox 145 982 318 1043; x_wconf 68' lang='lat' dir='ltr'>fuisse</span> <span class='ocrx_word' id='word_1_41' title='bbox 350 987 657 1043; x_wconf 67' lang='lat' dir='ltr'>eonttaelas</span> <span class='ocrx_word' id='word_1_42' title='bbox 697 988 1172 1064; x_wconf 75' lang='lat' dir='ltr'>antiquario—mo-</span> 
     </span>
     <span class='ocr_line' id='line_1_9' title="bbox 144 1060 1172 1137; baseline 0 -17"><span class='ocrx_word' id='word_1_43' title='bbox 144 1081 244 1127; x_wconf 81' lang='lat' dir='ltr'>te,</span> <span class='ocrx_word' id='word_1_44' title='bbox 288 1069 458 1137; x_wconf 74' lang='lat' dir='ltr'>quem</span> <span class='ocrx_word' id='word_1_45' title='bbox 488 1060 646 1136; x_wconf 86' lang='lat' dir='ltr'>supra</span> <span class='ocrx_word' id='word_1_46' title='bbox 680 1066 1014 1120; x_wconf 76' lang='lat' dir='ltr'>notavimus.</span> <span class='ocrx_word' id='word_1_47' title='bbox 1095 1071 1172 1121; x_wconf 89' lang='lat' dir='ltr'>Ut</span> 
     </span>
     <span class='ocr_line' id='line_1_10' title="bbox 147 1136 1172 1213; baseline -0.001 -18"><span class='ocrx_word' id='word_1_48' title='bbox 147 1136 310 1213; x_wconf 65' lang='lat' dir='ltr'>inea}</span> <span class='ocrx_word' id='word_1_49' title='bbox 339 1142 395 1193; x_wconf 78' lang='lat' dir='ltr'>in</span> <span class='ocrx_word' id='word_1_50' title='bbox 421 1139 692 1206; x_wconf 76' lang='lat' dir='ltr'>verisimili</span> <span class='ocrx_word' id='word_1_51' title='bbox 704 1143 1016 1200; x_wconf 79' lang='lat' dir='ltr'>mendacium</span> <span class='ocrx_word' id='word_1_52' title='bbox 1029 1138 1120 1196; x_wconf 84' lang='lat' dir='ltr'>dix</span> <span class='ocrx_word' id='word_1_53' title='bbox 1132 1141 1172 1194; x_wconf 90' lang='lat' dir='ltr'>it</span> 
     </span>
     <span class='ocr_line' id='line_1_11' title="bbox 149 1212 1172 1291; baseline 0 -20"><span class='ocrx_word' id='word_1_54' title='bbox 149 1215 484 1277; x_wconf 85' lang='lat' dir='ltr'>Minucius,</span> <span class='ocrx_word' id='word_1_55' title='bbox 526 1212 981 1279; x_wconf 80' lang='lat' dir='ltr'>itasanedixetit,</span> <span class='ocrx_word' id='word_1_56' title='bbox 1025 1216 1172 1291; x_wconf 80' lang='lat' dir='ltr'>ineſje</span> 
     </span>
     <span class='ocr_line' id='line_1_12' title="bbox 140 1291 1173 1347; baseline -0.002 0"><span class='ocrx_word' id='word_1_57' title='bbox 140 1294 209 1347; x_wconf 78' lang='lat' dir='ltr'>in</span> <span class='ocrx_word' id='word_1_58' title='bbox 245 1293 545 1346; x_wconf 77' lang='lat' dir='ltr'><em>incredibili</em></span> <span class='ocrx_word' id='word_1_59' title='bbox 568 1309 772 1347; x_wconf 79' lang='lat' dir='ltr'>verum.</span> <span class='ocrx_word' id='word_1_60' title='bbox 853 1291 1173 1347; x_wconf 80' lang='lat' dir='ltr'>Incredibile</span> 
     </span>
     <span class='ocr_line' id='line_1_13' title="bbox 141 1363 1170 1424; baseline -0.001 -1"><span class='ocrx_word' id='word_1_61' title='bbox 141 1365 231 1423; x_wconf 88' lang='lat' dir='ltr'>est</span> <span class='ocrx_word' id='word_1_62' title='bbox 268 1369 453 1422; x_wconf 87' lang='lat' dir='ltr'>Deum</span> <span class='ocrx_word' id='word_1_63' title='bbox 491 1364 785 1423; x_wconf 87' lang='lat' dir='ltr'>hominem</span> <span class='ocrx_word' id='word_1_64' title='bbox 824 1365 1030 1424; x_wconf 59' lang='lat' dir='ltr'>factum</span> <span class='ocrx_word' id='word_1_65' title='bbox 1072 1363 1170 1422; x_wconf 79' lang='lat' dir='ltr'>effi:</span> 
     </span>
     <span class='ocr_line' id='line_1_14' title="bbox 142 1439 1171 1501; baseline -0.003 0"><span class='ocrx_word' id='word_1_66' title='bbox 142 1450 206 1501; x_wconf 76' lang='grc' dir='ltr'>δε</span> <span class='ocrx_word' id='word_1_67' title='bbox 231 1439 560 1500; x_wconf 85' lang='lat' dir='ltr'>crucifixum</span> <span class='ocrx_word' id='word_1_68' title='bbox 574 1483 587 1498; x_wconf 88' lang='lat'><strong>.</strong></span> <span class='ocrx_word' id='word_1_69' title='bbox 630 1442 948 1500; x_wconf 85' lang='lat' dir='ltr'>Incredibile</span> <span class='ocrx_word' id='word_1_70' title='bbox 962 1440 1040 1498; x_wconf 90' lang='lat' dir='ltr'>est</span> <span class='ocrx_word' id='word_1_71' title='bbox 1054 1441 1171 1499; x_wconf 88' lang='lat' dir='ltr'>fore</span> 
     </span>
     <span class='ocr_line' id='line_1_15' title="bbox 143 1517 1168 1594; baseline -0.004 -18"><span class='ocrx_word' id='word_1_72' title='bbox 143 1537 212 1576; x_wconf 82' lang='lat' dir='ltr'>nt</span> <span class='ocrx_word' id='word_1_73' title='bbox 251 1537 488 1594; x_wconf 86' lang='lat' dir='ltr'>corpora</span> <span class='ocrx_word' id='word_1_74' title='bbox 523 1519 874 1577; x_wconf 84' lang='lat' dir='ltr'>mortuorum</span> <span class='ocrx_word' id='word_1_75' title='bbox 917 1517 1019 1575; x_wconf 83' lang='lat' dir='ltr'>sive</span> <span class='ocrx_word' id='word_1_76' title='bbox 1061 1538 1168 1575; x_wconf 87' lang='lat' dir='ltr'>cre-</span> 
     </span>
     <span class='ocr_line' id='line_1_16' title="bbox 143 1591 1173 1669; baseline -0.003 -17"><span class='ocrx_word' id='word_1_77' title='bbox 143 1612 310 1652; x_wconf 82' lang='lat' dir='ltr'>mata</span> <span class='ocrx_word' id='word_1_78' title='bbox 338 1631 355 1658; x_wconf 89' lang='lat'>‚</span> <span class='ocrx_word' id='word_1_79' title='bbox 416 1593 521 1649; x_wconf 85' lang='lat' dir='ltr'>sive</span> <span class='ocrx_word' id='word_1_80' title='bbox 543 1594 746 1669; x_wconf 84' lang='lat' dir='ltr'>sepulta</span> <span class='ocrx_word' id='word_1_81' title='bbox 769 1632 790 1659; x_wconf 81' lang='grc'><strong>.</strong></span> <span class='ocrx_word' id='word_1_82' title='bbox 853 1596 1019 1651; x_wconf 85' lang='lat' dir='ltr'>etiam</span> <span class='ocrx_word' id='word_1_83' title='bbox 1055 1591 1173 1667; x_wconf 86' lang='lat' dir='ltr'>post</span> 
     </span>
     <span class='ocr_line' id='line_1_17' title="bbox 141 1668 1173 1728; baseline -0.002 0"><span class='ocrx_word' id='word_1_84' title='bbox 141 1671 330 1728; x_wconf 87' lang='lat' dir='ltr'>multa</span> <span class='ocrx_word' id='word_1_85' title='bbox 358 1669 532 1728; x_wconf 84' lang='lat' dir='ltr'>secula</span> <span class='ocrx_word' id='word_1_86' title='bbox 556 1668 968 1728; x_wconf 72' lang='lat' dir='ltr'>reviviscantAEt</span> <span class='ocrx_word' id='word_1_87' title='bbox 987 1689 1173 1727; x_wconf 87' lang='lat' dir='ltr'>tamen</span> 
     </span>
     <span class='ocr_line' id='line_1_18' title="bbox 138 1745 1171 1821; baseline 0 -17"><span class='ocrx_word' id='word_1_88' title='bbox 138 1745 370 1810; x_wconf 71' lang='lat' dir='ltr'>isthaec,</span> <span class='ocrx_word' id='word_1_89' title='bbox 417 1746 1054 1821; x_wconf 75' lang='lat' dir='ltr'>quamvisincredibilia,</span> <span class='ocrx_word' id='word_1_90' title='bbox 1081 1766 1171 1804; x_wconf 79' lang='lat' dir='ltr'>ve-</span> 
     </span>
     <span class='ocr_line' id='line_1_19' title="bbox 136 1820 1169 1882; baseline -0.001 -1"><span class='ocrx_word' id='word_1_91' title='bbox 136 1843 205 1881; x_wconf 81' lang='lat' dir='ltr'>ra</span> <span class='ocrx_word' id='word_1_92' title='bbox 221 1823 366 1879; x_wconf 87' lang='lat' dir='ltr'>sunt.</span> <span class='ocrx_word' id='word_1_93' title='bbox 412 1821 955 1882; x_wconf 75' lang='lat' dir='ltr'>Rursus2Verisimile</span> <span class='ocrx_word' id='word_1_94' title='bbox 967 1820 1044 1879; x_wconf 85' lang='lat' dir='ltr'>est</span> <span class='ocrx_word' id='word_1_95' title='bbox 1058 1842 1169 1880; x_wconf 87' lang='lat' dir='ltr'>non</span> 
     </span>
     <span class='ocr_line' id='line_1_20' title="bbox 138 1896 1164 1975; baseline -0.001 -18"><span class='ocrx_word' id='word_1_96' title='bbox 138 1896 250 1957; x_wconf 84' lang='lat' dir='ltr'>esse</span> <span class='ocrx_word' id='word_1_97' title='bbox 280 1901 466 1955; x_wconf 86' lang='lat' dir='ltr'>Deum</span> <span class='ocrx_word' id='word_1_98' title='bbox 483 1936 503 1964; x_wconf 86' lang='lat'>,</span> <span class='ocrx_word' id='word_1_99' title='bbox 545 1916 637 1955; x_wconf 90' lang='lat' dir='ltr'>aut</span> <span class='ocrx_word' id='word_1_100' title='bbox 661 1917 773 1955; x_wconf 88' lang='lat' dir='ltr'>non</span> <span class='ocrx_word' id='word_1_101' title='bbox 796 1916 957 1975; x_wconf 88' lang='lat' dir='ltr'>agere</span> <span class='ocrx_word' id='word_1_102' title='bbox 979 1918 1164 1957; x_wconf 86' lang='lat' dir='ltr'>euram</span> 
     </span>
     <span class='ocr_line' id='line_1_21' title="bbox 139 1972 1170 2049; baseline 0 -16"><span class='ocrx_word' id='word_1_103' title='bbox 139 1994 332 2033; x_wconf 81' lang='lat' dir='ltr'>rerum</span> <span class='ocrx_word' id='word_1_104' title='bbox 362 1974 758 2032; x_wconf 83' lang='lat' dir='ltr'>humanarum.</span> <span class='ocrx_word' id='word_1_105' title='bbox 802 1972 947 2031; x_wconf 85' lang='lat' dir='ltr'>autsi</span> <span class='ocrx_word' id='word_1_106' title='bbox 966 1993 1170 2049; x_wconf 75' lang='lat' dir='ltr'>ageret,</span> 
     </span>
     <span class='ocr_line' id='line_1_22' title="bbox 141 2048 1168 2125; baseline -0.001 -16"><span class='ocrx_word' id='word_1_107' title='bbox 141 2048 264 2110; x_wconf 85' lang='lat' dir='ltr'>fore</span> <span class='ocrx_word' id='word_1_108' title='bbox 308 2069 368 2107; x_wconf 90' lang='lat' dir='ltr'>ut</span> <span class='ocrx_word' id='word_1_109' title='bbox 408 2050 733 2125; x_wconf 79' lang='lat' dir='ltr'>pollueretur</span> <span class='ocrx_word' id='word_1_110' title='bbox 766 2067 881 2106; x_wconf 88' lang='lat' dir='ltr'>tam</span> <span class='ocrx_word' id='word_1_111' title='bbox 919 2050 1060 2108; x_wconf 89' lang='lat' dir='ltr'>tristi</span> <span class='ocrx_word' id='word_1_112' title='bbox 1088 2068 1168 2108; x_wconf 91' lang='lat' dir='ltr'>at-</span> 
     </span>
     <span class='ocr_line' id='line_1_23' title="bbox 145 2123 1162 2204; baseline 0.001 -21"><span class='ocrx_word' id='word_1_113' title='bbox 145 2146 256 2204; x_wconf 82' lang='lat' dir='ltr'>que</span> <span class='ocrx_word' id='word_1_114' title='bbox 284 2124 577 2201; x_wconf 74' lang='lat' dir='ltr'>multiplici</span> <span class='ocrx_word' id='word_1_115' title='bbox 606 2123 934 2183; x_wconf 87' lang='lat' dir='ltr'>ministerio.</span> <span class='ocrx_word' id='word_1_116' title='bbox 990 2130 1127 2184; x_wconf 86' lang='lat' dir='ltr'>Item</span> <span class='ocrx_word' id='word_1_117' title='bbox 1146 2165 1162 2191; x_wconf 87' lang='lat'>‚</span> 
     </span>
     <span class='ocr_line' id='line_1_24' title="bbox 143 2199 1167 2262; baseline 0 -1"><span class='ocrx_word' id='word_1_118' title='bbox 143 2201 442 2262; x_wconf 76' lang='lat' dir='ltr'>verisimile</span> <span class='ocrx_word' id='word_1_119' title='bbox 466 2199 544 2258; x_wconf 88' lang='lat' dir='ltr'>est</span> <span class='ocrx_word' id='word_1_120' title='bbox 567 2220 744 2258; x_wconf 88' lang='lat' dir='ltr'>morte</span> <span class='ocrx_word' id='word_1_121' title='bbox 759 2205 952 2259; x_wconf 88' lang='lat' dir='ltr'>omnia</span> <span class='ocrx_word' id='word_1_122' title='bbox 969 2203 1167 2261; x_wconf 88' lang='lat' dir='ltr'>huma-</span> 
     </span>
     <span class='ocr_line' id='line_1_25' title="bbox 146 2275 1167 2339; baseline -0.002 -1"><span class='ocrx_word' id='word_1_123' title='bbox 146 2276 414 2339; x_wconf 84' lang='lat' dir='ltr'>nafiniri.</span> <span class='ocrx_word' id='word_1_124' title='bbox 461 2280 531 2336; x_wconf 84' lang='lat' dir='ltr'>Et</span> <span class='ocrx_word' id='word_1_125' title='bbox 551 2296 735 2335; x_wconf 86' lang='lat' dir='ltr'>tamen</span> <span class='ocrx_word' id='word_1_126' title='bbox 766 2275 877 2339; x_wconf 82' lang='lat' dir='ltr'>baee</span> <span class='ocrx_word' id='word_1_127' title='bbox 903 2277 996 2339; x_wconf 85' lang='lat' dir='ltr'>etsi</span> <span class='ocrx_word' id='word_1_128' title='bbox 1027 2281 1167 2336; x_wconf 77' lang='lat' dir='ltr'>veri-</span> 
     </span>
    </p>
   </div>
   <div class='ocr_carea' id='block_1_5' title="bbox 147 2351 1162 2423">
    <p class='ocr_par' dir='ltr' id='par_1_5' title="bbox 147 2351 1162 2423">
     <span class='ocr_line' id='line_1_26' title="bbox 147 2351 1162 2423; baseline -0.002 -8"><span class='ocrx_word' id='word_1_129' title='bbox 147 2354 352 2417; x_wconf 72' lang='lat' dir='ltr'>similia</span> <span class='ocrx_word' id='word_1_130' title='bbox 381 2353 487 2413; x_wconf 84' lang='lat' dir='ltr'>sint</span> <span class='ocrx_word' id='word_1_131' title='bbox 511 2380 528 2423; x_wconf 79' lang='lat'>3</span> <span class='ocrx_word' id='word_1_132' title='bbox 565 2351 838 2414; x_wconf 70' lang='lat' dir='ltr'>faififfima</span> <span class='ocrx_word' id='word_1_133' title='bbox 867 2352 1009 2416; x_wconf 88' lang='lat' dir='ltr'>sunt.</span> <span class='ocrx_word' id='word_1_134' title='bbox 1068 2358 1162 2413; x_wconf 81' lang='lat' dir='ltr'>Ri-</span> 
     </span>
    </p>
   </div>
   <div class='ocr_carea' id='block_1_6' title="bbox 1239 992 2259 2432">
    <p class='ocr_par' dir='ltr' id='par_1_6' title="bbox 1242 992 2259 1504">
     <span class='ocr_line' id='line_1_27' title="bbox 1251 992 2259 1068; baseline 0.005 -23"><span class='ocrx_word' id='word_1_135' title='bbox 1251 993 1419 1046; x_wconf 88' lang='lat' dir='ltr'>Bruto</span> <span class='ocrx_word' id='word_1_136' title='bbox 1449 1008 1569 1067; x_wconf 89' lang='lat' dir='ltr'>cap.</span> <span class='ocrx_word' id='word_1_137' title='bbox 1603 1008 1691 1060; x_wconf 83' lang='lat'>37.</span> <span class='ocrx_word' id='word_1_138' title='bbox 1768 992 1856 1048; x_wconf 81' lang='lat' dir='ltr'>Ita</span> <span class='ocrx_word' id='word_1_139' title='bbox 1890 1005 2008 1050; x_wconf 79' lang='lat' dir='ltr'>erat</span> <span class='ocrx_word' id='word_1_140' title='bbox 2032 1004 2259 1068; x_wconf 76' lang='lat' dir='ltr'>paratus</span> 
     </span>
     <span class='ocr_line' id='line_1_28' title="bbox 1250 1068 2257 1141; baseline 0.003 -19"><span class='ocrx_word' id='word_1_141' title='bbox 1250 1071 1518 1122; x_wconf 79' lang='lat' dir='ltr'>Antonius</span> <span class='ocrx_word' id='word_1_142' title='bbox 1540 1105 1557 1129; x_wconf 81' lang='lat'><strong>‚</strong></span> <span class='ocrx_word' id='word_1_143' title='bbox 1613 1081 1671 1123; x_wconf 78' lang='lat' dir='ltr'>ut</span> <span class='ocrx_word' id='word_1_144' title='bbox 1695 1068 1891 1141; x_wconf 79' lang='lat' dir='ltr'>judices</span> <span class='ocrx_word' id='word_1_145' title='bbox 1928 1071 2023 1125; x_wconf 86' lang='lat' dir='ltr'>illo</span> <span class='ocrx_word' id='word_1_146' title='bbox 2059 1072 2257 1126; x_wconf 77' lang='lat' dir='ltr'>dicente</span> 
     </span>
     <span class='ocr_line' id='line_1_29' title="bbox 1246 1143 2257 1220; baseline 0.005 -25"><span class='ocrx_word' id='word_1_147' title='bbox 1246 1163 1611 1216; x_wconf 78' lang='lat' dir='ltr'>nonnunquam</span> <span class='ocrx_word' id='word_1_148' title='bbox 1647 1147 1948 1198; x_wconf 76' lang='lat' dir='ltr'>viderentur</span> <span class='ocrx_word' id='word_1_149' title='bbox 1983 1164 2083 1200; x_wconf 81' lang='lat' dir='ltr'>non</span> <span class='ocrx_word' id='word_1_150' title='bbox 2107 1143 2257 1220; x_wconf 70' lang='lat' dir='ltr'>sireis</span> 
     </span>
     <span class='ocr_line' id='line_1_30' title="bbox 1242 1216 2251 1296; baseline 0.005 -24"><span class='ocrx_word' id='word_1_151' title='bbox 1242 1220 1431 1291; x_wconf 81' lang='lat' dir='ltr'>parati</span> <span class='ocrx_word' id='word_1_152' title='bbox 1454 1223 1532 1273; x_wconf 79' lang='lat' dir='ltr'>ad</span> <span class='ocrx_word' id='word_1_153' title='bbox 1538 1223 1815 1275; x_wconf 81' lang='lat' dir='ltr'>cavendum</span> <span class='ocrx_word' id='word_1_154' title='bbox 1836 1216 2005 1293; x_wconf 68' lang='lat' dir='ltr'>sitifi.</span> <span class='ocrx_word' id='word_1_155' title='bbox 2048 1223 2115 1277; x_wconf 86' lang='lat' dir='ltr'>Et</span> <span class='ocrx_word' id='word_1_156' title='bbox 2130 1239 2251 1296; x_wconf 83' lang='lat' dir='ltr'>cap.</span> 
     </span>
     <span class='ocr_line' id='line_1_31' title="bbox 1258 1293 2251 1370; baseline 0.004 -23"><span class='ocrx_word' id='word_1_157' title='bbox 1258 1311 1338 1367; x_wconf 83' lang='lat'>54.</span> <span class='ocrx_word' id='word_1_158' title='bbox 1382 1293 1883 1370; x_wconf 71' lang='lat' dir='ltr'>Intelligenslicendi</span> <span class='ocrx_word' id='word_1_159' title='bbox 1898 1295 2251 1370; x_wconf 77' lang='lat' dir='ltr'>existimator,</span> 
     </span>
     <span class='ocr_line' id='line_1_32' title="bbox 1246 1367 2254 1440; baseline 0.006 -18"><span class='ocrx_word' id='word_1_160' title='bbox 1246 1389 1349 1423; x_wconf 82' lang='lat' dir='ltr'>non</span> <span class='ocrx_word' id='word_1_161' title='bbox 1397 1367 1609 1440; x_wconf 79' lang='lat' dir='ltr'>affidens</span> <span class='ocrx_word' id='word_1_162' title='bbox 1659 1371 1724 1432; x_wconf 75' lang='grc' dir='ltr'>ό·</span> <span class='ocrx_word' id='word_1_163' title='bbox 1766 1383 1968 1428; x_wconf 71' lang='lat' dir='ltr'>attente</span> <span class='ocrx_word' id='word_1_164' title='bbox 2016 1374 2254 1430; x_wconf 82' lang='lat' dir='ltr'>audiens.</span> 
     </span>
     <span class='ocr_line' id='line_1_33' title="bbox 1246 1446 1498 1504; baseline 0.02 -5"><span class='ocrx_word' id='word_1_165' title='bbox 1246 1446 1498 1504; x_wconf 78' lang='lat' dir='ltr'>Gronov.</span> 
     </span>
    </p>

    <p class='ocr_par' dir='ltr' id='par_1_7' title="bbox 1239 1519 2249 1670">
     <span class='ocr_line' id='line_1_34' title="bbox 1325 1519 2249 1602; baseline 0.005 -26"><span class='ocrx_word' id='word_1_166' title='bbox 1325 1540 1356 1576; x_wconf 85' lang='lat'>2</span> <span class='ocrx_word' id='word_1_167' title='bbox 1396 1519 1783 1598; x_wconf 80' lang='lat' dir='ltr'>Ut·damnatis]</span> <span class='ocrx_word' id='word_1_168' title='bbox 1829 1524 2013 1602; x_wconf 82' lang='lat' dir='ltr'>Lego,</span> <span class='ocrx_word' id='word_1_169' title='bbox 2056 1537 2115 1581; x_wconf 78' lang='lat' dir='ltr'>ut</span> <span class='ocrx_word' id='word_1_170' title='bbox 2134 1543 2249 1580; x_wconf 81' lang='lat' dir='ltr'>am-</span> 
     </span>
     <span class='ocr_line' id='line_1_35' title="bbox 1239 1597 1710 1670; baseline 0.011 -19"><span class='ocrx_word' id='word_1_171' title='bbox 1239 1597 1448 1670; x_wconf 83' lang='lat' dir='ltr'>pliatis.</span> <span class='ocrx_word' id='word_1_172' title='bbox 1504 1598 1710 1656; x_wconf 87' lang='lat' dir='ltr'>Meurs.</span> 
     </span>
    </p>

    <p class='ocr_par' dir='ltr' id='par_1_8' title="bbox 1239 1671 2253 2432">
     <span class='ocr_line' id='line_1_36' title="bbox 1302 1671 2253 1751; baseline 0 -21"><span class='ocrx_word' id='word_1_173' title='bbox 1302 1676 1509 1730; x_wconf 84' lang='lat' dir='ltr'>Damna</span> <span class='ocrx_word' id='word_1_174' title='bbox 1516 1677 1583 1728; x_wconf 84' lang='lat' dir='ltr'>tis</span> <span class='ocrx_word' id='word_1_175' title='bbox 1597 1671 1846 1747; x_wconf 79' lang='lat' dir='ltr'>omnibus]</span> <span class='ocrx_word' id='word_1_176' title='bbox 1858 1677 2074 1750; x_wconf 86' lang='lat' dir='ltr'>Nempe</span> <span class='ocrx_word' id='word_1_177' title='bbox 2087 1694 2253 1751; x_wconf 86' lang='lat' dir='ltr'>prop-</span> 
     </span>
     <span class='ocr_line' id='line_1_37' title="bbox 1243 1747 2250 1807; baseline 0.003 -3"><span class='ocrx_word' id='word_1_178' title='bbox 1243 1764 1323 1804; x_wconf 87' lang='lat' dir='ltr'>ter</span> <span class='ocrx_word' id='word_1_179' title='bbox 1358 1749 1599 1806; x_wconf 83' lang='lat' dir='ltr'>tenebras</span> <span class='ocrx_word' id='word_1_180' title='bbox 1640 1747 1823 1807; x_wconf 81' lang='lat' dir='ltr'>insitas</span> <span class='ocrx_word' id='word_1_181' title='bbox 1858 1757 1913 1807; x_wconf 76' lang='grc' dir='ltr'>δι</span> <span class='ocrx_word' id='word_1_182' title='bbox 1943 1771 2052 1807; x_wconf 90' lang='lat' dir='ltr'>non</span> <span class='ocrx_word' id='word_1_183' title='bbox 2081 1754 2250 1807; x_wconf 84' lang='lat' dir='ltr'>extri·</span> 
     </span>
     <span class='ocr_line' id='line_1_38' title="bbox 1242 1822 2249 1903; baseline 0.003 -24"><span class='ocrx_word' id='word_1_184' title='bbox 1242 1822 1471 1886; x_wconf 82' lang='lat' dir='ltr'>caudas,</span> <span class='ocrx_word' id='word_1_185' title='bbox 1519 1841 1578 1880; x_wconf 89' lang='lat' dir='ltr'>ut</span> <span class='ocrx_word' id='word_1_186' title='bbox 1606 1825 1791 1882; x_wconf 87' lang='lat' dir='ltr'>miseri</span> <span class='ocrx_word' id='word_1_187' title='bbox 1817 1833 1871 1883; x_wconf 69' lang='grc' dir='ltr'>ὅ(</span> <span class='ocrx_word' id='word_1_188' title='bbox 1901 1829 2136 1903; x_wconf 70' lang='lat' dir='ltr'>impares</span> <span class='ocrx_word' id='word_1_189' title='bbox 2160 1826 2249 1882; x_wconf 83' lang='lat' dir='ltr'>of-</span> 
     </span>
     <span class='ocr_line' id='line_1_39' title="bbox 1244 1896 2250 1973; baseline 0.005 -19"><span class='ocrx_word' id='word_1_190' title='bbox 1244 1896 1371 1955; x_wconf 85' lang='lat' dir='ltr'>ficio</span> <span class='ocrx_word' id='word_1_191' title='bbox 1398 1897 1672 1973; x_wconf 85' lang='lat' dir='ltr'>judicandi</span> <span class='ocrx_word' id='word_1_192' title='bbox 1700 1911 1966 1957; x_wconf 79' lang='lat' dir='ltr'>conantur</span> <span class='ocrx_word' id='word_1_193' title='bbox 2002 1902 2051 1958; x_wconf 90' lang='lat' dir='ltr'>se</span> <span class='ocrx_word' id='word_1_194' title='bbox 2084 1920 2250 1959; x_wconf 86' lang='lat' dir='ltr'>excu-</span> 
     </span>
     <span class='ocr_line' id='line_1_40' title="bbox 1243 1973 2247 2050; baseline 0.002 -19"><span class='ocrx_word' id='word_1_195' title='bbox 1243 1973 1377 2038; x_wconf 87' lang='lat' dir='ltr'>sare,</span> <span class='ocrx_word' id='word_1_196' title='bbox 1397 1991 1659 2050; x_wconf 85' lang='lat' dir='ltr'>tanquam</span> <span class='ocrx_word' id='word_1_197' title='bbox 1691 1976 1748 2031; x_wconf 89' lang='lat' dir='ltr'>in</span> <span class='ocrx_word' id='word_1_198' title='bbox 1780 1974 1989 2033; x_wconf 84' lang='lat' dir='ltr'>diverso</span> <span class='ocrx_word' id='word_1_199' title='bbox 2014 1978 2247 2033; x_wconf 67' lang='lat' dir='ltr'>astionis</span> 
     </span>
     <span class='ocr_line' id='line_1_41' title="bbox 1239 2049 2248 2127; baseline 0.001 -21"><span class='ocrx_word' id='word_1_200' title='bbox 1239 2069 1438 2127; x_wconf 83' lang='lat' dir='ltr'>genere</span> <span class='ocrx_word' id='word_1_201' title='bbox 1465 2051 1807 2108; x_wconf 80' lang='lat' dir='ltr'>imitarentur</span> <span class='ocrx_word' id='word_1_202' title='bbox 1828 2049 2034 2110; x_wconf 66' lang='lat' dir='ltr'>fatstum</span> <span class='ocrx_word' id='word_1_203' title='bbox 2064 2053 2248 2109; x_wconf 81' lang='lat' dir='ltr'>Simo·</span> 
     </span>
     <span class='ocr_line' id='line_1_42' title="bbox 1241 2125 2245 2205; baseline 0.004 -23"><span class='ocrx_word' id='word_1_204' title='bbox 1241 2126 1417 2192; x_wconf 89' lang='lat' dir='ltr'>nidis,</span> <span class='ocrx_word' id='word_1_205' title='bbox 1460 2125 1610 2204; x_wconf 81' lang='lat' dir='ltr'>quod</span> <span class='ocrx_word' id='word_1_206' title='bbox 1639 2127 1816 2194; x_wconf 74' lang='lat' dir='ltr'>&#39;retulit</span> <span class='ocrx_word' id='word_1_207' title='bbox 1838 2147 1957 2205; x_wconf 89' lang='lat' dir='ltr'>cap.</span> <span class='ocrx_word' id='word_1_208' title='bbox 1995 2147 2085 2198; x_wconf 77' lang='lat'>13.</span> <span class='ocrx_word' id='word_1_209' title='bbox 2127 2132 2245 2186; x_wconf 82' lang='lat' dir='ltr'>Da&#39;-</span> 
     </span>
     <span class='ocr_line' id='line_1_43' title="bbox 1239 2204 2243 2277; baseline 0.002 -18"><span class='ocrx_word' id='word_1_210' title='bbox 1239 2207 1462 2266; x_wconf 70' lang='lat' dir='ltr'>innatis,</span> <span class='ocrx_word' id='word_1_211' title='bbox 1507 2221 1565 2259; x_wconf 88' lang='lat' dir='ltr'>ut</span> <span class='ocrx_word' id='word_1_212' title='bbox 1594 2204 1872 2260; x_wconf 87' lang='lat' dir='ltr'>Petronius</span> <span class='ocrx_word' id='word_1_213' title='bbox 1896 2223 1946 2261; x_wconf 86' lang='lat' dir='ltr'>c.</span> <span class='ocrx_word' id='word_1_214' title='bbox 1973 2223 2068 2277; x_wconf 79' lang='lat'>43.</span> <span class='ocrx_word' id='word_1_215' title='bbox 2126 2209 2243 2261; x_wconf 79' lang='lat' dir='ltr'>Da-</span> 
     </span>
     <span class='ocr_line' id='line_1_44' title="bbox 1239 2280 2241 2359; baseline 0.003 -24"><span class='ocrx_word' id='word_1_216' title='bbox 1239 2280 1455 2336; x_wconf 75' lang='lat' dir='ltr'>mnabat</span> <span class='ocrx_word' id='word_1_217' title='bbox 1467 2281 1661 2356; x_wconf 80' lang='lat' dir='ltr'>Apollo</span> <span class='ocrx_word' id='word_1_218' title='bbox 1677 2282 1866 2337; x_wconf 80' lang='lat' dir='ltr'>noxias</span> <span class='ocrx_word' id='word_1_219' title='bbox 1878 2301 2075 2337; x_wconf 71' lang='lat' dir='ltr'>manus.</span> <span class='ocrx_word' id='word_1_220' title='bbox 2106 2282 2241 2359; x_wconf 79' lang='lat' dir='ltr'>Qo</span> 
     </span>
     <span class='ocr_line' id='line_1_45' title="bbox 1239 2356 2246 2432; baseline 0.005 -22"><span class='ocrx_word' id='word_1_221' title='bbox 1239 2357 1405 2432; x_wconf 70' lang='lat' dir='ltr'>igitur</span> <span class='ocrx_word' id='word_1_222' title='bbox 1428 2356 1600 2413; x_wconf 90' lang='lat' dir='ltr'>tendit</span> <span class='ocrx_word' id='word_1_223' title='bbox 1621 2356 1993 2414; x_wconf 83' lang='lat' dir='ltr'>Meutsianum</span> <span class='ocrx_word' id='word_1_224' title='bbox 2018 2361 2246 2432; x_wconf 69' lang='lat' dir='ltr'>antpliae-</span> 
     </span>
    </p>
   </div>
   <div class='ocr_carea' id='block_1_7' title="bbox 1237 2428 2244 2507">
    <p class='ocr_par' dir='ltr' id='par_1_9' title="bbox 1237 2428 2244 2507">
     <span class='ocr_line' id='line_1_46' title="bbox 1237 2428 2244 2507; baseline 0.004 -20"><span class='ocrx_word' id='word_1_225' title='bbox 1237 2437 1306 2488; x_wconf 79' lang='lat' dir='ltr'>tis</span> <span class='ocrx_word' id='word_1_226' title='bbox 1323 2469 1339 2494; x_wconf 85' lang='lat'>‚</span> <span class='ocrx_word' id='word_1_227' title='bbox 1381 2432 1528 2507; x_wconf 89' lang='lat' dir='ltr'>quod</span> <span class='ocrx_word' id='word_1_228' title='bbox 1549 2428 1806 2488; x_wconf 73' lang='lat' dir='ltr'>assumere</span> <span class='ocrx_word' id='word_1_229' title='bbox 1818 2432 1971 2490; x_wconf 85' lang='lat' dir='ltr'>ausus</span> <span class='ocrx_word' id='word_1_230' title='bbox 1994 2430 2097 2489; x_wconf 87' lang='lat' dir='ltr'>fuit</span> <span class='ocrx_word' id='word_1_231' title='bbox 2114 2435 2244 2491; x_wconf 89' lang='lat' dir='ltr'>Cel·</span> 
     </span>
    </p>
   </div>
   <div class='ocr_carea' id='block_1_8' title="bbox 136 2435 2243 2566">
    <p class='ocr_par' dir='ltr' id='par_1_10' title="bbox 136 2435 2243 2566">
     <span class='ocr_line' id='line_1_47' title="bbox 136 2435 370 2515; baseline -0.009 -24"><span class='ocrx_word' id='word_1_232' title='bbox 136 2435 370 2515; x_wconf 74' lang='lat' dir='ltr'>galtius.</span> 
     </span>
     <span class='ocr_line' id='line_1_48' title="bbox 1238 2508 2243 2566; baseline 0.003 -3"><span class='ocrx_word' id='word_1_233' title='bbox 1238 2508 1399 2565; x_wconf 89' lang='lat' dir='ltr'>latius</span> <span class='ocrx_word' id='word_1_234' title='bbox 1424 2526 1615 2564; x_wconf 87' lang='lat' dir='ltr'>contra</span> <span class='ocrx_word' id='word_1_235' title='bbox 1643 2520 1868 2565; x_wconf 79' lang='lat' dir='ltr'>omnes?</span> <span class='ocrx_word' id='word_1_236' title='bbox 1906 2510 1960 2564; x_wconf 87' lang='lat' dir='ltr'>Si</span> <span class='ocrx_word' id='word_1_237' title='bbox 1988 2512 2243 2566; x_wconf 85' lang='lat' dir='ltr'>convenit</span> 
     </span>
    </p>
   </div>
   <div class='ocr_carea' id='block_1_9' title="bbox 147 2503 1164 2746">
    <p class='ocr_par' dir='ltr' id='par_1_11' title="bbox 147 2503 1164 2746">
     <span class='ocr_line' id='line_1_49' title="bbox 229 2503 1163 2588; baseline -0.004 -21"><span class='ocrx_word' id='word_1_238' title='bbox 229 2529 254 2567; x_wconf 91' lang='lat'>1</span> <span class='ocrx_word' id='word_1_239' title='bbox 304 2509 526 2585; x_wconf 80' lang='lat' dir='ltr'>Culpam</span> <span class='ocrx_word' id='word_1_240' title='bbox 535 2503 752 2583; x_wconf 80' lang='lat' dir='ltr'>judicis]</span> <span class='ocrx_word' id='word_1_241' title='bbox 797 2509 980 2588; x_wconf 85' lang='lat' dir='ltr'>Leg0,</span> <span class='ocrx_word' id='word_1_242' title='bbox 1020 2507 1163 2582; x_wconf 57' lang='lat' dir='ltr'>aju-</span> 
     </span>
     <span class='ocr_line' id='line_1_50' title="bbox 147 2583 1164 2662; baseline -0.005 -18"><span class='ocrx_word' id='word_1_243' title='bbox 147 2588 302 2645; x_wconf 75' lang='lat' dir='ltr'>dices.</span> <span class='ocrx_word' id='word_1_244' title='bbox 313 2590 442 2642; x_wconf 82' lang='lat' dir='ltr'>Meu</span> <span class='ocrx_word' id='word_1_245' title='bbox 450 2586 518 2641; x_wconf 86' lang='lat' dir='ltr'>rs.</span> <span class='ocrx_word' id='word_1_246' title='bbox 526 2587 686 2662; x_wconf 88' lang='lat' dir='ltr'>Lege:</span> <span class='ocrx_word' id='word_1_247' title='bbox 691 2583 902 2658; x_wconf 73' lang='lat' dir='ltr'>judicii.</span> <span class='ocrx_word' id='word_1_248' title='bbox 915 2590 1164 2642; x_wconf 81' lang='lat' dir='ltr'>Wower.</span> 
     </span>
     <span class='ocr_line' id='line_1_51' title="bbox 226 2656 1161 2746; baseline 0 -30"><span class='ocrx_word' id='word_1_249' title='bbox 226 2656 668 2746; x_wconf 63' lang='lat' dir='ltr'>Cylpnmjfedicis]</span> <span class='ocrx_word' id='word_1_250' title='bbox 717 2663 841 2716; x_wconf 85' lang='lat' dir='ltr'>Hoc</span> <span class='ocrx_word' id='word_1_251' title='bbox 854 2657 931 2716; x_wconf 91' lang='lat' dir='ltr'>est</span> <span class='ocrx_word' id='word_1_252' title='bbox 946 2696 963 2724; x_wconf 87' lang='lat'>,</span> <span class='ocrx_word' id='word_1_253' title='bbox 993 2678 1161 2745; x_wconf 80' lang='lat' dir='ltr'>quam</span> 
     </span>
    </p>
   </div>
   <div class='ocr_carea' id='block_1_10' title="bbox 136 2580 2244 3803">
    <p class='ocr_par' dir='ltr' id='par_1_12' title="bbox 136 2580 2244 3803">
     <span class='ocr_line' id='line_1_52' title="bbox 1240 2580 2242 2649; baseline 0 -9"><span class='ocrx_word' id='word_1_254' title='bbox 1240 2582 1341 2640; x_wconf 86' lang='lat' dir='ltr'>hoc</span> <span class='ocrx_word' id='word_1_255' title='bbox 1363 2602 1486 2640; x_wconf 86' lang='lat' dir='ltr'>cum</span> <span class='ocrx_word' id='word_1_256' title='bbox 1516 2580 1757 2646; x_wconf 81' lang='lat' dir='ltr'>sequenti</span> <span class='ocrx_word' id='word_1_257' title='bbox 1781 2583 1944 2639; x_wconf 83' lang='lat' dir='ltr'>verbo</span> <span class='ocrx_word' id='word_1_258' title='bbox 1967 2620 1985 2649; x_wconf 87' lang='lat'>,</span> <span class='ocrx_word' id='word_1_259' title='bbox 2044 2603 2112 2640; x_wconf 85' lang='lat' dir='ltr'>an</span> <span class='ocrx_word' id='word_1_260' title='bbox 2141 2588 2242 2640; x_wconf 77' lang='lat' dir='ltr'>da-</span> 
     </span>
     <span class='ocr_line' id='line_1_53' title="bbox 1235 2656 2244 2727; baseline -0.001 -12"><span class='ocrx_word' id='word_1_261' title='bbox 1235 2663 1431 2727; x_wconf 78' lang='lat' dir='ltr'>mnatis</span> <span class='ocrx_word' id='word_1_262' title='bbox 1461 2677 1532 2715; x_wconf 84' lang='lat' dir='ltr'>ex</span> <span class='ocrx_word' id='word_1_263' title='bbox 1569 2656 1663 2715; x_wconf 90' lang='lat' dir='ltr'>suo</span> <span class='ocrx_word' id='word_1_264' title='bbox 1704 2656 1856 2714; x_wconf 84' lang='lat' dir='ltr'>sensu</span> <span class='ocrx_word' id='word_1_265' title='bbox 1895 2677 2008 2714; x_wconf 89' lang='lat' dir='ltr'>non</span> <span class='ocrx_word' id='word_1_266' title='bbox 2042 2672 2244 2715; x_wconf 77' lang='lat' dir='ltr'>conve·-</span> 
     </span>
     <span class='ocr_line' id='line_1_54' title="bbox 147 2729 2240 2812; baseline -0.002 -17"><span class='ocrx_word' id='word_1_267' title='bbox 147 2736 313 2812; x_wconf 84' lang='lat' dir='ltr'>judex</span> <span class='ocrx_word' id='word_1_268' title='bbox 346 2736 595 2794; x_wconf 82' lang='lat' dir='ltr'>admittit</span> <span class='ocrx_word' id='word_1_269' title='bbox 619 2729 831 2792; x_wconf 77' lang='lat' dir='ltr'>remissa</span> <span class='ocrx_word' id='word_1_270' title='bbox 860 2737 1164 2792; x_wconf 81' lang='lat' dir='ltr'>intentione</span> <span class='ocrx_word' id='word_1_271' title='bbox 1236 2736 1314 2791; x_wconf 86' lang='lat' dir='ltr'>nit</span> <span class='ocrx_word' id='word_1_272' title='bbox 1344 2746 1363 2790; x_wconf 66' lang='grc' dir='ltr'>ξ</span> <span class='ocrx_word' id='word_1_273' title='bbox 1430 2739 1617 2791; x_wconf 87' lang='lat' dir='ltr'>Immo</span> <span class='ocrx_word' id='word_1_274' title='bbox 1666 2735 1937 2808; x_wconf 75' lang='lat' dir='ltr'>ampliatis</span> <span class='ocrx_word' id='word_1_275' title='bbox 1972 2733 2119 2790; x_wconf 84' lang='lat' dir='ltr'>idem</span> <span class='ocrx_word' id='word_1_276' title='bbox 2159 2733 2240 2791; x_wconf 83' lang='lat' dir='ltr'>est</span> 
     </span>
     <span class='ocr_line' id='line_1_55' title="bbox 148 2806 2239 2887; baseline -0.003 -16"><span class='ocrx_word' id='word_1_277' title='bbox 148 2816 209 2871; x_wconf 89' lang='lat' dir='ltr'>in</span> <span class='ocrx_word' id='word_1_278' title='bbox 243 2813 437 2872; x_wconf 82' lang='lat' dir='ltr'>auditu</span> <span class='ocrx_word' id='word_1_279' title='bbox 461 2851 480 2876; x_wconf 85' lang='lat'>,</span> <span class='ocrx_word' id='word_1_280' title='bbox 535 2811 617 2868; x_wconf 85' lang='lat' dir='ltr'>vel</span> <span class='ocrx_word' id='word_1_281' title='bbox 643 2810 776 2869; x_wconf 86' lang='lat' dir='ltr'>dum</span> <span class='ocrx_word' id='word_1_282' title='bbox 800 2812 857 2868; x_wconf 89' lang='lat' dir='ltr'>in</span> <span class='ocrx_word' id='word_1_283' title='bbox 886 2809 1162 2867; x_wconf 83' lang='lat' dir='ltr'>audiendo</span> <span class='ocrx_word' id='word_1_284' title='bbox 1230 2810 1376 2887; x_wconf 85' lang='lat' dir='ltr'>quod</span> <span class='ocrx_word' id='word_1_285' title='bbox 1390 2810 1662 2887; x_wconf 75' lang='lat' dir='ltr'>suspensis,</span> <span class='ocrx_word' id='word_1_286' title='bbox 1675 2828 1848 2882; x_wconf 85' lang='lat' dir='ltr'>quum</span> <span class='ocrx_word' id='word_1_287' title='bbox 1868 2806 2120 2872; x_wconf 73' lang='lat' dir='ltr'>debuisset</span> <span class='ocrx_word' id='word_1_288' title='bbox 2134 2810 2239 2868; x_wconf 85' lang='lat' dir='ltr'>alia</span> 
     </span>
     <span class='ocr_line' id='line_1_56' title="bbox 149 2882 2242 2962; baseline -0.003 -15"><span class='ocrx_word' id='word_1_289' title='bbox 149 2887 229 2947; x_wconf 88' lang='lat' dir='ltr'>est</span> <span class='ocrx_word' id='word_1_290' title='bbox 264 2891 461 2947; x_wconf 86' lang='lat' dir='ltr'>animo</span> <span class='ocrx_word' id='word_1_291' title='bbox 499 2882 701 2944; x_wconf 76' lang='lat' dir='ltr'>omisso</span> <span class='ocrx_word' id='word_1_292' title='bbox 725 2924 743 2951; x_wconf 90' lang='lat'><strong>,</strong></span> <span class='ocrx_word' id='word_1_293' title='bbox 801 2904 894 2944; x_wconf 87' lang='lat' dir='ltr'>aut</span> <span class='ocrx_word' id='word_1_294' title='bbox 918 2884 1163 2943; x_wconf 84' lang='lat' dir='ltr'>omiffior</span> <span class='ocrx_word' id='word_1_295' title='bbox 1232 2886 1480 2960; x_wconf 87' lang='lat' dir='ltr'>quaedam</span> <span class='ocrx_word' id='word_1_296' title='bbox 1510 2888 1591 2944; x_wconf 77' lang='lat' dir='ltr'>vis</span> <span class='ocrx_word' id='word_1_297' title='bbox 1615 2883 1714 2943; x_wconf 81' lang='lat' dir='ltr'>esse</span> <span class='ocrx_word' id='word_1_298' title='bbox 1742 2887 1799 2941; x_wconf 90' lang='lat' dir='ltr'>in</span> <span class='ocrx_word' id='word_1_299' title='bbox 1828 2884 1932 2943; x_wconf 83' lang='lat' dir='ltr'>isto</span> <span class='ocrx_word' id='word_1_300' title='bbox 1956 2887 2242 2962; x_wconf 85' lang='lat' dir='ltr'>participio</span> 
     </span>
     <span class='ocr_line' id='line_1_57' title="bbox 148 2960 2238 3038; baseline -0.002 -14"><span class='ocrx_word' id='word_1_301' title='bbox 148 2967 216 3024; x_wconf 88' lang='lat' dir='ltr'>ab</span> <span class='ocrx_word' id='word_1_302' title='bbox 239 2968 459 3023; x_wconf 69' lang='lat' dir='ltr'>afflone</span> <span class='ocrx_word' id='word_1_303' title='bbox 487 2962 722 3021; x_wconf 86' lang='lat' dir='ltr'>dicentis</span> <span class='ocrx_word' id='word_1_304' title='bbox 742 2999 759 3028; x_wconf 90' lang='lat'>‚</span> <span class='ocrx_word' id='word_1_305' title='bbox 800 2980 859 3021; x_wconf 90' lang='lat' dir='ltr'>ut</span> <span class='ocrx_word' id='word_1_306' title='bbox 871 2962 1164 3019; x_wconf 83' lang='lat' dir='ltr'>Terentius</span> <span class='ocrx_word' id='word_1_307' title='bbox 1238 2970 1291 3019; x_wconf 88' lang='lat'>&amp;</span> <span class='ocrx_word' id='word_1_308' title='bbox 1321 2960 1528 3020; x_wconf 82' lang='lat' dir='ltr'>diversa</span> <span class='ocrx_word' id='word_1_309' title='bbox 1558 2963 1625 3019; x_wconf 91' lang='lat' dir='ltr'>ab</span> <span class='ocrx_word' id='word_1_310' title='bbox 1654 2962 1802 3021; x_wconf 84' lang='lat' dir='ltr'>verbi</span> <span class='ocrx_word' id='word_1_311' title='bbox 1825 2961 2137 3038; x_wconf 70' lang='lat' dir='ltr'>fiaespendere</span> <span class='ocrx_word' id='word_1_312' title='bbox 2172 2961 2238 3019; x_wconf 85' lang='lat' dir='ltr'>si·</span> 
     </span>
     <span class='ocr_line' id='line_1_58' title="bbox 146 3035 2239 3119; baseline -0.003 -18"><span class='ocrx_word' id='word_1_313' title='bbox 146 3043 394 3119; x_wconf 82' lang='lat' dir='ltr'>loquitur</span> <span class='ocrx_word' id='word_1_314' title='bbox 433 3056 660 3097; x_wconf 87' lang='lat' dir='ltr'>notante</span> <span class='ocrx_word' id='word_1_315' title='bbox 698 3041 851 3095; x_wconf 86' lang='lat' dir='ltr'>Patre</span> <span class='ocrx_word' id='word_1_316' title='bbox 873 3037 984 3101; x_wconf 70' lang='lat' dir='ltr'>jib.</span> <span class='ocrx_word' id='word_1_317' title='bbox 1035 3055 1160 3099; x_wconf 73' lang='lat' dir='ltr'>tir.</span> <span class='ocrx_word' id='word_1_318' title='bbox 1278 3035 1619 3104; x_wconf 80' lang='lat' dir='ltr'>nificatione3</span> <span class='ocrx_word' id='word_1_319' title='bbox 1664 3041 1781 3094; x_wconf 86' lang='lat' dir='ltr'>imo</span> <span class='ocrx_word' id='word_1_320' title='bbox 1804 3057 1898 3095; x_wconf 89' lang='lat' dir='ltr'>cur</span> <span class='ocrx_word' id='word_1_321' title='bbox 1925 3039 2094 3094; x_wconf 82' lang='lat' dir='ltr'>voluit</span> <span class='ocrx_word' id='word_1_322' title='bbox 2119 3053 2239 3095; x_wconf 87' lang='lat' dir='ltr'>tam</span> 
     </span>
     <span class='ocr_line' id='line_1_59' title="bbox 147 3058 2242 3192; baseline -0.003 -17"><span class='ocrx_word' id='word_1_323' title='bbox 147 3118 441 3175; x_wconf 77' lang='lat' dir='ltr'>Observat.</span> <span class='ocrx_word' id='word_1_324' title='bbox 463 3134 660 3192; x_wconf 78' lang='lat' dir='ltr'>cap.7‚</span> <span class='ocrx_word' id='word_1_325' title='bbox 690 3121 744 3171; x_wconf 86' lang='lat'>&amp;</span> <span class='ocrx_word' id='word_1_326' title='bbox 772 3113 973 3185; x_wconf 76' lang='lat' dir='ltr'>idcirco</span> <span class='ocrx_word' id='word_1_327' title='bbox 999 3114 1055 3169; x_wconf 90' lang='lat' dir='ltr'>in</span> <span class='ocrx_word' id='word_1_328' title='bbox 1085 3114 1164 3183; x_wconf 90' lang='lat' dir='ltr'>ju·</span> <span class='ocrx_word' id='word_1_329' title='bbox 1236 3058 1382 3171; x_wconf 46' lang='lat' dir='ltr'>{atne</span> <span class='ocrx_word' id='word_1_330' title='bbox 1420 3112 1693 3172; x_wconf 81' lang='lat' dir='ltr'>abundate</span> <span class='ocrx_word' id='word_1_331' title='bbox 1727 3150 1744 3177; x_wconf 86' lang='lat'><strong>,</strong></span> <span class='ocrx_word' id='word_1_332' title='bbox 1796 3131 1857 3170; x_wconf 89' lang='lat' dir='ltr'>ut</span> <span class='ocrx_word' id='word_1_333' title='bbox 1890 3113 2087 3170; x_wconf 89' lang='lat' dir='ltr'>diceret</span> <span class='ocrx_word' id='word_1_334' title='bbox 2126 3134 2242 3169; x_wconf 83' lang='lat' dir='ltr'>am-</span> 
     </span>
     <span class='ocr_line' id='line_1_60' title="bbox 147 3189 2241 3266; baseline -0.004 -15"><span class='ocrx_word' id='word_1_335' title='bbox 147 3194 267 3251; x_wconf 87' lang='lat' dir='ltr'>dice</span> <span class='ocrx_word' id='word_1_336' title='bbox 288 3192 584 3266; x_wconf 83' lang='lat' dir='ltr'>vituperari</span> <span class='ocrx_word' id='word_1_337' title='bbox 606 3190 782 3248; x_wconf 83' lang='lat' dir='ltr'>debet.</span> <span class='ocrx_word' id='word_1_338' title='bbox 847 3191 984 3246; x_wconf 90' lang='lat' dir='ltr'>Non</span> <span class='ocrx_word' id='word_1_339' title='bbox 1010 3191 1160 3247; x_wconf 88' lang='lat' dir='ltr'>enim</span> <span class='ocrx_word' id='word_1_340' title='bbox 1227 3193 1415 3265; x_wconf 82' lang='lat' dir='ltr'>pliatis</span> <span class='ocrx_word' id='word_1_341' title='bbox 1468 3191 1696 3247; x_wconf 79' lang='lat' dir='ltr'>omnibus</span> <span class='ocrx_word' id='word_1_342' title='bbox 1749 3191 1940 3246; x_wconf 78' lang='lat' dir='ltr'>malint</span> <span class='ocrx_word' id='word_1_343' title='bbox 1990 3189 2241 3264; x_wconf 66' lang='lat' dir='ltr'>universi·</span> 
     </span>
     <span class='ocr_line' id='line_1_61' title="bbox 150 3265 2242 3347; baseline -0.003 -19"><span class='ocrx_word' id='word_1_344' title='bbox 150 3270 321 3347; x_wconf 80' lang='lat' dir='ltr'>placet</span> <span class='ocrx_word' id='word_1_345' title='bbox 349 3268 432 3324; x_wconf 83' lang='lat' dir='ltr'>vel</span> <span class='ocrx_word' id='word_1_346' title='bbox 444 3268 642 3342; x_wconf 75' lang='lat' dir='ltr'>judices</span> <span class='ocrx_word' id='word_1_347' title='bbox 670 3266 752 3323; x_wconf 89' lang='lat' dir='ltr'>vel</span> <span class='ocrx_word' id='word_1_348' title='bbox 759 3267 951 3341; x_wconf 79' lang='lat' dir='ltr'>judicii</span> <span class='ocrx_word' id='word_1_349' title='bbox 973 3282 1163 3322; x_wconf 85' lang='lat' dir='ltr'>eontra</span> <span class='ocrx_word' id='word_1_350' title='bbox 1218 3265 1532 3342; x_wconf 76' lang='lat' dir='ltr'>suspendere</span> <span class='ocrx_word' id='word_1_351' title='bbox 1557 3303 1574 3331; x_wconf 92' lang='lat'>,</span> <span class='ocrx_word' id='word_1_352' title='bbox 1630 3283 1797 3342; x_wconf 87' lang='lat' dir='ltr'>quam</span> <span class='ocrx_word' id='word_1_353' title='bbox 1841 3266 2096 3340; x_wconf 73' lang='lat' dir='ltr'>ampliare</span> <span class='ocrx_word' id='word_1_354' title='bbox 2120 3269 2242 3322; x_wconf 79' lang='lat' dir='ltr'>uni·</span> 
     </span>
     <span class='ocr_line' id='line_1_62' title="bbox 154 3339 2242 3418; baseline -0.003 -14"><span class='ocrx_word' id='word_1_355' title='bbox 154 3351 281 3403; x_wconf 83' lang='lat' dir='ltr'>MS.</span> <span class='ocrx_word' id='word_1_356' title='bbox 329 3346 548 3402; x_wconf 87' lang='lat' dir='ltr'>Vitium</span> <span class='ocrx_word' id='word_1_357' title='bbox 576 3341 726 3416; x_wconf 82' lang='lat' dir='ltr'>quod</span> <span class='ocrx_word' id='word_1_358' title='bbox 755 3345 813 3399; x_wconf 86' lang='lat' dir='ltr'>in</span> <span class='ocrx_word' id='word_1_359' title='bbox 842 3340 953 3399; x_wconf 88' lang='lat' dir='ltr'>sola</span> <span class='ocrx_word' id='word_1_360' title='bbox 973 3339 1162 3413; x_wconf 81' lang='lat' dir='ltr'>judicis</span> <span class='ocrx_word' id='word_1_361' title='bbox 1235 3340 1394 3418; x_wconf 68' lang='lat' dir='ltr'>versit</span> <span class='ocrx_word' id='word_1_362' title='bbox 1417 3343 1608 3397; x_wconf 74' lang='lat' dir='ltr'>malint</span> <span class='ocrx_word' id='word_1_363' title='bbox 1629 3377 1645 3403; x_wconf 87' lang='lat'>‚</span> <span class='ocrx_word' id='word_1_364' title='bbox 1688 3341 1768 3395; x_wconf 75' lang='lat' dir='ltr'>vel</span> <span class='ocrx_word' id='word_1_365' title='bbox 1783 3339 2092 3415; x_wconf 75' lang='lat' dir='ltr'>fiespendere</span> <span class='ocrx_word' id='word_1_366' title='bbox 2121 3345 2242 3397; x_wconf 83' lang='lat' dir='ltr'>uni-</span> 
     </span>
     <span class='ocr_line' id='line_1_63' title="bbox 149 3414 2240 3499; baseline -0.004 -18"><span class='ocrx_word' id='word_1_367' title='bbox 149 3419 794 3499; x_wconf 72' lang='lat' dir='ltr'>pers&#39;onaeommittitur,</span> <span class='ocrx_word' id='word_1_368' title='bbox 834 3414 1163 3473; x_wconf 86' lang='lat' dir='ltr'>transferunt</span> <span class='ocrx_word' id='word_1_369' title='bbox 1235 3415 1395 3493; x_wconf 70' lang='lat' dir='ltr'>veisa</span> <span class='ocrx_word' id='word_1_370' title='bbox 1442 3418 1670 3473; x_wconf 73' lang='lat' dir='ltr'>malint?</span> <span class='ocrx_word' id='word_1_371' title='bbox 1747 3419 2029 3471; x_wconf 81' lang='lat' dir='ltr'>Damnatis</span> <span class='ocrx_word' id='word_1_372' title='bbox 2056 3418 2240 3473; x_wconf 69' lang='lat' dir='ltr'>ameni</span> 
     </span>
     <span class='ocr_line' id='line_1_64' title="bbox 145 3488 2239 3570; baseline -0.004 -14"><span class='ocrx_word' id='word_1_373' title='bbox 145 3499 212 3556; x_wconf 84' lang='lat' dir='ltr'>ad</span> <span class='ocrx_word' id='word_1_374' title='bbox 242 3518 358 3555; x_wconf 82' lang='lat' dir='ltr'>rem</span> <span class='ocrx_word' id='word_1_375' title='bbox 390 3504 449 3553; x_wconf 74' lang='grc' dir='ltr'>δε</span> <span class='ocrx_word' id='word_1_376' title='bbox 478 3495 765 3551; x_wconf 82' lang='lat' dir='ltr'>materiam</span> <span class='ocrx_word' id='word_1_377' title='bbox 790 3531 808 3559; x_wconf 87' lang='lat'>,</span> <span class='ocrx_word' id='word_1_378' title='bbox 847 3511 1158 3570; x_wconf 60' lang='lat' dir='ltr'>quamquea</span> <span class='ocrx_word' id='word_1_379' title='bbox 1235 3493 1313 3550; x_wconf 90' lang='lat' dir='ltr'>est</span> <span class='ocrx_word' id='word_1_380' title='bbox 1336 3494 1545 3568; x_wconf 67' lang='lat' dir='ltr'>rejeetis</span> <span class='ocrx_word' id='word_1_381' title='bbox 1569 3530 1585 3556; x_wconf 85' lang='lat'>,</span> <span class='ocrx_word' id='word_1_382' title='bbox 1646 3491 1891 3550; x_wconf 85' lang='lat' dir='ltr'>alienatis</span> <span class='ocrx_word' id='word_1_383' title='bbox 1921 3527 1937 3553; x_wconf 92' lang='lat'>‚</span> <span class='ocrx_word' id='word_1_384' title='bbox 2000 3488 2239 3565; x_wconf 72' lang='lat' dir='ltr'>sepositis</span> 
     </span>
     <span class='ocr_line' id='line_1_65' title="bbox 140 3566 2240 3651; baseline -0.005 -18"><span class='ocrx_word' id='word_1_385' title='bbox 140 3592 337 3633; x_wconf 82' lang='lat' dir='ltr'>runtur</span> <span class='ocrx_word' id='word_1_386' title='bbox 369 3574 595 3651; x_wconf 81' lang='lat' dir='ltr'>plenam</span> <span class='ocrx_word' id='word_1_387' title='bbox 630 3566 786 3628; x_wconf 79' lang='lat' dir='ltr'>fuisse</span> <span class='ocrx_word' id='word_1_388' title='bbox 820 3569 1071 3644; x_wconf 74' lang='lat' dir='ltr'>caliginis</span> <span class='ocrx_word' id='word_1_389' title='bbox 1106 3574 1161 3626; x_wconf 72' lang='grc' dir='ltr'>ὅ(</span> <span class='ocrx_word' id='word_1_390' title='bbox 1229 3587 1447 3646; x_wconf 77' lang='lat' dir='ltr'>propter</span> <span class='ocrx_word' id='word_1_391' title='bbox 1502 3566 1877 3626; x_wconf 77' lang='lat' dir='ltr'>difficultatem</span> <span class='ocrx_word' id='word_1_392' title='bbox 1919 3567 2240 3643; x_wconf 65' lang='lat' dir='ltr'>penetrandi</span> 
     </span>
     <span class='ocr_line' id='line_1_66' title="bbox 136 3639 2242 3722; baseline -0.003 -14"><span class='ocrx_word' id='word_1_393' title='bbox 136 3650 488 3710; x_wconf 85' lang='lat' dir='ltr'>obscuritatis</span> <span class='ocrx_word' id='word_1_394' title='bbox 515 3653 571 3703; x_wconf 83' lang='lat'>&amp;</span> <span class='ocrx_word' id='word_1_395' title='bbox 600 3647 823 3710; x_wconf 83' lang='lat' dir='ltr'>incerti,</span> <span class='ocrx_word' id='word_1_396' title='bbox 863 3663 1036 3722; x_wconf 85' lang='lat' dir='ltr'>quum</span> <span class='ocrx_word' id='word_1_397' title='bbox 1071 3662 1160 3719; x_wconf 80' lang='lat' dir='ltr'>pe·</span> <span class='ocrx_word' id='word_1_398' title='bbox 1235 3664 1346 3703; x_wconf 76' lang='lat' dir='ltr'>non</span> <span class='ocrx_word' id='word_1_399' title='bbox 1387 3643 1456 3702; x_wconf 89' lang='lat' dir='ltr'>ad</span> <span class='ocrx_word' id='word_1_400' title='bbox 1494 3644 1717 3722; x_wconf 85' lang='lat' dir='ltr'>aliquod</span> <span class='ocrx_word' id='word_1_401' title='bbox 1746 3660 1960 3719; x_wconf 85' lang='lat' dir='ltr'>tempus</span> <span class='ocrx_word' id='word_1_402' title='bbox 1988 3677 2007 3710; x_wconf 65' lang='lat'><em>2</em></span> <span class='ocrx_word' id='word_1_403' title='bbox 2061 3639 2242 3702; x_wconf 80' lang='lat' dir='ltr'>sedin</span> 
     </span>
     <span class='ocr_line' id='line_1_67' title="bbox 137 3715 2217 3803; baseline -0.004 -17"><span class='ocrx_word' id='word_1_404' title='bbox 137 3746 234 3786; x_wconf 79' lang='lat' dir='ltr'>nes</span> <span class='ocrx_word' id='word_1_405' title='bbox 262 3725 448 3803; x_wconf 83' lang='lat' dir='ltr'>ipsum</span> <span class='ocrx_word' id='word_1_406' title='bbox 475 3721 712 3799; x_wconf 83' lang='lat' dir='ltr'>judicem</span> <span class='ocrx_word' id='word_1_407' title='bbox 740 3719 803 3779; x_wconf 88' lang='lat' dir='ltr'>sit</span> <span class='ocrx_word' id='word_1_408' title='bbox 827 3720 982 3785; x_wconf 82' lang='lat' dir='ltr'>eausa</span> <span class='ocrx_word' id='word_1_409' title='bbox 1006 3715 1158 3777; x_wconf 83' lang='lat' dir='ltr'>diffi-</span> <span class='ocrx_word' id='word_1_410' title='bbox 1231 3738 1575 3803; x_wconf 73' lang='lat' dir='ltr'>perpetuum.</span> <span class='ocrx_word' id='word_1_411' title='bbox 1613 3722 1853 3781; x_wconf 78' lang='lat' dir='ltr'>Gronov.</span> <span class='ocrx_word' id='word_1_412' title='bbox 2210 3724 2217 3727; x_wconf 82' lang='grc'><em>“</em></span> 
     </span>
    </p>
   </div>
   <div class='ocr_carea' id='block_1_11' title="bbox 134 3795 1158 3887">
    <p class='ocr_par' dir='ltr' id='par_1_13' title="bbox 134 3795 1158 3887">
     <span class='ocr_line' id='line_1_68' title="bbox 134 3795 1158 3887; baseline -0.013 -18"><span class='ocrx_word' id='word_1_413' title='bbox 134 3805 352 3870; x_wconf 81' lang='lat' dir='ltr'>cultatis</span> <span class='ocrx_word' id='word_1_414' title='bbox 387 3801 477 3865; x_wconf 80' lang='lat' dir='ltr'>vel</span> <span class='ocrx_word' id='word_1_415' title='bbox 510 3798 786 3887; x_wconf 75' lang='lat' dir='ltr'>caliginis.</span> <span class='ocrx_word' id='word_1_416' title='bbox 863 3800 1060 3861; x_wconf 77' lang='lat' dir='ltr'>Cicero</span> <span class='ocrx_word' id='word_1_417' title='bbox 1096 3795 1158 3858; x_wconf 87' lang='lat' dir='ltr'>in</span> 
     </span>
    </p>
   </div>
   <div class='ocr_carea' id='block_1_12' title="bbox 1750 3863 2254 3949">
    <p class='ocr_par' dir='ltr' id='par_1_14' title="bbox 1750 3863 2254 3949">
     <span class='ocr_line' id='line_1_69' title="bbox 1750 3863 2254 3949; baseline -0.01 -7"><span class='ocrx_word' id='word_1_418' title='bbox 1750 3872 1783 3932; x_wconf 83' lang='lat'>1</span> <span class='ocrx_word' id='word_1_419' title='bbox 1821 3890 1862 3949; x_wconf 73' lang='grc'><strong>4</strong></span> <span class='ocrx_word' id='word_1_420' title='bbox 2113 3863 2254 3942; x_wconf 54' lang='lat' dir='ltr'>§En</span> 
     </span>
    </p>
   </div>
  </div>
 </body>
</html>
