2703 4573
476 328 588 409 60

955 315 1083 402 Μ.
1131 317 1601 400 M1Nuc11
1668 316 2074 402 Fssmcrs

475 469 833 531 voverunt.
882 462 904 545 .¹
930 451 1177 551 Specta
1213 450 1299 525 de
1328 449 1516 525 libris
1535 449 1890 528 memorias
1911 507 1935 541 ,
1971 450 2114 546 jam
2156 475 2272 527 eos

2309 451 2556 552 depre2

2301 551 2562 625 hendes

470 726 610 782 lium
638 724 794 782 multi
816 724 1174 802 collegerunt,
1212 722 1344 780 utin
1366 720 1470 779 hoc
1540 723 1737 780 moriar
1757 717 1989 779 οὔναί.
2040 723 2129 778 An
2155 726 2213 778 &
2243 722 2302 778 in
2333 718 2444 780 isto
2472 722 2557 780 lo.

471 800 708 858 fastidiri
746 800 900 857 illum
938 816 1184 875 oporteat
1236 805 1292 855 δε
1340 797 1469 855 hinc

470 878 646 957 abigi.
715 878 1051 954 Oportuerat
1073 873 1199 932 dare
1218 876 1471 947 exempla

466 952 819 1010 delubrorum
838 950 1227 1008 dedicatorum:
1242 968 1307 1006 ea
1316 951 1468 1006 enim

469 1029 800 1105 pertinerent
819 1026 888 1084 ad
917 1028 1251 1084 Minucium.
1279 1074 1287 1080 .

555 1122 579 1160 ι
624 1104 809 1176 Βρεέῖι
851 1104 912 1158 de
949 1103 1101 1159 libris
1133 1095 1463 1172 memoriam]

467 1182 596 1237 MS.
649 1182 793 1255 Reg.
853 1182 1119 1234 memoria.
1207 1173 1479 1238 forcalle,

463 1257 760 1313 memorias.
838 1254 1206 1310 Tertullianus
1228 1249 1474 1309 adversus

467 1330 712 1402 Judaeos:
755 1332 899 1386 Nam
923 1327 1269 1403 &ficundum
1290 1348 1476 1383 memo·

466 1411 586 1463 tias
611 1443 632 1470 ,
677 1407 888 1481 populus
906 1405 1206 1477 Judaeorum
1233 1441 1249 1468 ,
1306 1406 1371 1459 id
1400 1399 1470 1477 est

467 1485 776 1556 antiquior,
801 1480 1043 1539 dereliflo
1067 1484 1173 1536 Deo
1190 1481 1344 1537 idolis
1350 1476 1474 1553 fir-

471 1563 642 1616 vivit.
687 1558 959 1614 Minucius
977 1550 1314 1611 Fclixinfra:
1354 1555 1476 1609 Me-

473 1638 648 1693 morie
676 1635 741 1694 ἔθ’
768 1634 1045 1707 Tragoediae
1075 1628 1256 1706 vestre
1278 1628 1480 1705 incestis

457 1712 797 1787 gloriantur.
839 1704 1061 1764 Hetald.

544 1784 733 1859 Spella
768 1786 830 1842 de
856 1785 1011 1839 libris
1036 1776 1337 1853 memorias]
1408 1781 1476 1834 In

471 1858 819 1935 exemplari,
877 1856 1031 1933 quod
1063 1855 1322 1914 hastenus
1355 1855 1476 1910 uni-

473 1956 603 1998 cum
635 1934 897 1993 babemus
917 1932 1173 2007 scriptum
1197 1928 1276 1986 est
1307 1967 1325 1996 ‚
1378 1949 1483 1986 me-

473 2016 671 2070 moria.
752 2013 939 2086 Itaque
969 2008 1290 2080 conjectura:
1332 2005 1481 2063 locus

476 2086 591 2152 est,
632 2106 730 2143 nec
751 2087 851 2142 erit
871 2086 1069 2163 magni
1090 2081 1359 2141 momenti
1376 2080 1483 2138 dis-

1534 819 1598 855 co
1627 798 1823 874 poterit
1845 795 1941 853 effe
1969 795 2038 854 fic
2062 792 2329 868 ἀδιάφορος
2364 809 2386 854 ³
2445 802 2556 856 Ita.

1534 892 1638 950 que
1676 869 1936 929 vitiosum
1968 892 2036 929 ex
2075 871 2162 928 his
2190 873 2421 949 quidem
2466 876 2554 932 ni·

1537 949 1615 1006 hil
1637 945 1714 1006 est
1742 974 1758 1015 ς
1824 946 1911 1005 sed
1934 946 2034 1005 nifi
2058 945 2216 1005 fallor
2234 969 2271 1012 ,·
2295 950 2549 1007 libellum

1534 1023 1678 1081 hunc
1696 1024 2048 1080 inscribimus
2073 1025 2331 1082 Minucio
2362 1026 2552 1090 Felici,

1536 1108 1589 1158 &
1612 1099 1742 1157 hinc
1763 1097 1915 1175 quod
1940 1099 2028 1157 ille
2056 1096 2259 1173 scripsit
2278 1138 2296 1167 ‚
2341 1100 2553 1159 deside·

1534 1194 1716 1233 ramus
1730 1168 1895 1231 noffe·
1921 1178 2109 1252 Itaque
2126 1193 2336 1252 patrem
2355 1196 2552 1235 meum

1536 1250 1692 1308 video
1728 1244 2115 1309 continuavisse
2156 1253 2212 1307 in
2253 1252 2549 1310 retinendo

1536 1326 1754 1405 vulgato
1785 1363 1803 1391 ‚
1859 1324 2138 1401 explicans
2159 1326 2344 1403 spee'la
2380 1331 2554 1387 libro·

1535 1424 1650 1460 rum
1674 1405 1969 1460 memoriam
1996 1403 2054 1458 iu
2083 1403 2331 1461 Diatribe
2345 1404 2414 1461 ad
2433 1410 2553 1462 Sta·

1535 1481 1819 1564 tium-cap.
1856 1484 1939 1552 56.
1977 1476 2075 1536 Sed
2103 1478 2277 1536 codex
2314 1485 2435 1536 MS.
2467 1499 2553 1537 re·

1536 1556 1708 1632 quirit
1740 1554 1885 1610 aliud
1917 1579 1932 1620 ς
1991 1555 2193 1632 quippe
2233 1560 2331 1631 qui
2369 1575 2554 1632 quum

1538 1630 1731 1687 habeat
1767 1632 2011 1687 memoria
2042 1635 2110 1687 ⁷&
2152 1633 2229 1687 ita
2275 1631 2555 1690 formatus

1542 1702 1606 1763 fit
1631 1743 1649 1771 ,
1702 1722 1762 1763 ut
1790 1708 2109 1762 continuam
2141 1724 2294 1784 gerat
2323 1707 2557 1784 scriptu-

1539 1800 1659 1838 ram
1691 1821 1706 1846 .
1761 1799 1876 1839 non
1906 1779 2213 1838 intercisam
2243 1782 2312 1839 ad
2342 1780 2556 1863 singula

1538 1858 1743 1949 vetba3
1809 1873 1970 1933 atque
2012 1857 2103 1942 ‚ita
2164 1857 2411 1931 praeferat
2453 1879 2562 1917 me-

1540 1952 1886 2086 ζᾶζέἴῖἱῗυὲι
1930 1930 2269 2084 ἒὲἔὲιειῗῖἑᾟ
2313 1934 2559 2084 ῗέἓῗίἓὲ

1539 2084 1771 2161 intelligi
1808 2082 1996 2141 debere
2029 2120 2047 2148 ,
2119 2084 2282 2163 idque
2322 2083 2560 2144 voluiffiz

478 2165 692 2224 crimen
718 2198 737 2226 ,
790 2178 974 2218 utrum
1004 2161 1178 2238 legas:
1218 2157 1401 2234 Spet‘i'ae
1424 2160 1486 2214 de
1537 2159 1822 2219 librarium
1857 2161 2025 2216 etiam
2058 2178 2173 2218 non
2199 2180 2559 2239 sepetentem

480 2241 639 2296 libris
663 2242 1054 2296 memoriarum:
1096 2253 1202 2300 au,
1229 2232 1487 2310 spellade
1536 2255 1608 2295 ex
1664 2255 1821 2294 more
1870 2232 2143 2311 scripturae
2178 2275 2194 2303 ‚
2260 2256 2433 2314 quam
2494 2241 2559 2300 in

478 2316 637 2373 libris
668 2317 957 2371 memorias.
1039 2315 1159 2369 Hos
1185 2311 1353 2367 libros
1379 2313 1480 2365 Ar·
1540 2307 2560 2391 membranisvetustissimiscognosci·

480 2391 678 2448 nobius
706 2391 945 2446 Annales
979 2403 1255 2463 nuncupat
1291 2385 1389 2443 lib.
1426 2393 1482 2442 8.
1542 2408 1663 2446 mut
1694 2398 1713 2445 ἒ
1765 2390 1954 2464 Itaque
1988 2385 2193 2466 scripsit
2229 2391 2417 2448 auctor
2449 2412 2559 2450 me·

481 2464 686 2523 advers.
714 2469 942 2522 Gentes.-
982 2466 1106 2520 Non
1118 2463 1483 2536 imusinfitias,·
1539 2467 1732 2522 morini
1750 2463 1870 2538 jam
1889 2502 1907 2528 ‚
1949 2480 2010 2523 ut
2034 2484 2194 2524 voces
2223 2464 2420 2525 nostrae
2450 2466 2560 2525 fint

484 2543 739 2618 inquias‚
779 2545 839 2596 in
854 2538 1485 2615 Annaliumftriptiscon·
1534 2540 1707 2616 spella
1736 2543 1797 2596 de
1822 2542 1979 2598 libris
2003 2545 2276 2599 memorie.
2333 2545 2561 2600 Memo-

486 2621 656 2674 tineri
689 2619 784 2675 hee
808 2619 978 2673 omnia
1000 2635 1108 2689 que
1126 2615 1316 2691 stinxi>
1336 2615 1488 2670 vobis
1543 2618 1623 2673 ria
1649 2616 1800 2672 enim
1838 2614 2112 2675 dicebatur
2154 2635 2254 2694 pro
2293 2616 2553 2678 historia.

484 2696 548 2751 in
576 2693 872 2767 oppositione
885 2694 1122 2766 prolata.
1190 2686 1488 2767 Rigaltius.
1547 2690 1822 2756 Gelliusr,
1853 2710 1946 2762 19.
1989 2693 2050 2748 In
2075 2696 2310 2767 antiquis
2333 2698 2562 2752 annali.

563 2768 751 2843 Spem
785 2771 846 2824 de
881 2769 1034 2825 libris
1064 2769 1358 2823 memoriam
1370 2763 1489 2839 jam
1545 2769 1636 2824 bus
1652 2764 1814 2843 staper
1852 2769 2008 2825 libris
2042 2769 2308 2844 Sibyuinis
2328 2771 2561 2844 prodita

484 2839 606 2916 eos]
677 2844 760 2899 Sic
785 2861 954 2918 quum
978 2842 1067 2899 vul
1110 2840 1488 2898 cederetur&
1544 2843 1615 2919 est
1659 2846 1925 2902 memoria.
2004 2846 2089 2902 Ita
2126 2844 2333 2902 Servius
2377 2843 2563 2904 histo·

488 2917 760 2979 Heraldus
786 2919 1054 2976 intellecto
1071 2861 1262 2977 {aberi
1287 2918 1346 2973 in
1364 2919 1486 2985 MS.
1546 2920 1688 2975 riam
1715 2955 1732 2983 ,
1776 2938 1944 2994 quam
1979 2918 2047 2976 de
2073 2922 2182 2977 vita
2205 2918 2296 2977 sua
2320 2939 2563 3001 compo.

482 2999 732 3054 memoria
748 2989 1354 3066 conjeciss'etmemorias;
1382 2994 1489 3048 mi·
1548 2990 1696 3052 fuisse
1717 2992 1926 3051 constat
1961 2993 2270 3073 Augustum
2298 3034 2316 3061 ,
2358 2997 2564 3080 allegat

485 3072 623 3130 teris
659 3067 943 3145 quomodo
973 3067 1039 3124 ad
1068 3066 1210 3126 hanc
1246 3084 1490 3144 pronun·
1547 3068 1615 3128 ad
1640 3071 1901 3146 Eclogam
1938 3087 2036 3137 rx,
2070 3092 2166 3144 47.
2204 3073 2469 3149 Augustus
2497 3080 2561 3132 in

488 3149 787 3208 ciationem
818 3145 1023 3200 venerit
1060 3144 1331 3221 Rigaltius
1356 3182 1374 3209 ‚
1431 3161 1491 3201 ut
1547 3151 1793 3203 memoria
1818 3146 2110 3224 vitaesuae,
2172 3167 2339 3225 quam
2377 3168 2560 3225 quum

488 3240 649 3300 neget
686 3222 877 3298 magni
903 3236 1173 3276 momenti
1196 3216 1484 3276 discrimen
1548 3226 1769 3281 Severus
1790 3223 1955 3280 etiam
1985 3225 2374 3299 composuerit,
2397 3230 2561 3301 Spar·

487 3298 592 3357 effe
626 3336 644 3363 ‚
684 3315 866 3352 utrum
894 3295 1039 3374 legas
1046 3293 1105 3370 s
1118 3296 1227 3350 ella
1249 3298 1310 3350 de
1332 3297 1492 3351 libris
1547 3298 1726 3354 tianus
1775 3299 1903 3354 citat
1941 3302 2072 3357 vitae
2106 3303 2211 3371 lue
2255 3300 2558 3374 historiam.

482 3377 846 3435 memoriarum
872 3407 888 3434 ,
944 3390 1013 3427 an
1035 3310 1218 3447 ἦσθα
1250 3374 1312 3426 de
1332 3372 1489 3427 libris
1545 3375 1669 3442 Jam
1712 3392 1840 3429 vero
1863 3371 2047 3449 speHa
2074 3378 2136 3432 de
2156 3376 2312 3431 libris
2336 3375 2558 3436 dictum

484 3452 777 3509 memorias.
853 3449 939 3503 Sic
975 3450 1125 3503 enim
1167 3445 1300 3522 quid
1338 3446 1484 3503 aliud
1543 3447 1654 3512 est,
1695 3466 1755 3506 ut
1782 3448 1957 3507 Cicer.
1982 3468 2163 3511 xxxi.
2189 3449 2253 3507 ad
2273 3454 2560 3528 Attic.33.

530 3544 656 3583 uam
693 3523 1086 3600 negligentiam
1125 3528 1180 3578 &
1212 3522 1480 3578 incuriam
1545 3526 1818 3600 Negotium
1844 3526 2040 3581 dederis
2067 3562 2084 3588 ,
2154 3530 2374 3602 reperiet
2403 3549 2470 3586 ex
2497 3534 2563 3589 eo'

482 3546 640 3660 suam
690 3596 928 3656 ostendit
981 3600 1041 3654 in
1091 3595 1485 3673 Chirographo
1541 3602 1716 3665 libro,
1760 3602 1817 3655 in
1843 3617 1942 3672 quo
1947 3597 2086 3672 fient
2108 3603 2281 3660 Scta.
2359 3608 2561 3662 Sueto.

487 3676 731 3738 Minucii
784 3672 1018 3731 videndo
1061 3671 1481 3731 illaudabilem?
1546 3677 1667 3735 nius
1695 3675 2086 3733 Grammaticis
2128 3674 2249 3753 capss
2281 3700 2372 3737 η.
2454 3683 2561 3739 1112:

488 3752 646 3828 Qid
668 3746 965 3828 igiturest,
1046 3748 1153 3805 uod
1182 3745 1326 3804 infra
1350 3749 1481 3825 legi·
1543 3771 1650 3808 cum
1690 3771 1759 3806 ex
1800 3753 2038 3807 oratione
2067 3753 2332 3812 Tiberium
2377 3771 2559 3833 repre-

489 3846 615 3890 mus
637 3829 751 3886 vit-i
772 3827 894 3909 bene
915 3828 977 3886 de
987 3768 1107 3903 [quis
1129 3827 1306 3886 meriti
1317 3829 1374 3883 iu
1384 3843 1484 3883 me-
1538 3823 1800 3905 beudifflt.
1849 3827 2061 3888 Contra
2082 3827 2331 3910 legebam
2358 3833 2423 3889 in
2453 3834 2557 3895 ΑΞ.-

2402 3909 2564 3973 liano
