2703 4573
435 240 557 318 ‘Iu
602 245 713 320 M.
765 214 1058 321 Minoo.
1106 247 1375 322 Fumo.
1420 248 1901 323 Ocuvrtmss'
2076 252 2226 349 '473

157 356 319 439 blicis
347 366 667 440 praejudiciis
690 363 956 433 confossa,
1011 385 1071 425 ut
1095 367 1256 445 ipsius
1281 370 1524 426 nominis
1538 359 1848 426 *Christiani
1871 367 2120 427 confeffio
2157 371 2229 429 ad

162 443 580 501 damnationem
611 443 731 499 satis
751 439 893 499 effer.
970 447 1215 500 Tantum
1257 442 1432 507 abest,
1479 463 1535 501 ut
1565 442 1722 517 hujus
1760 446 2034 521 religionis
2069 445 2223 513 esset,

160 538 288 595 quae
316 519 573 575 libertatis
599 536 741 581 erat,
783 514 1011 575 ass'ertio.
1048 520 1151 576 Sed
1181 538 1333 575 tanto
1357 522 1533 596 magis
1563 522 1763 576 interea
1799 524 1971 577 miror
1990 558 2007 584 ,
2035 525 2090 578 in
2111 541 2222 579 tam

161 592 400 671 profano
423 600 477 650 &
504 595 730 650 inimico
747 591 870 649 foro
898 592 1180 651 confistcre
1202 593 1525 651 causidicum
1554 598 1704 670 pium
1737 593 1975 669 potuisse.
2015 599 2227 656 Mirum

161 680 298 724 vero
319 705 337 732 ,
374 688 498 725 cnm
525 670 632 742 jam
660 670 816 724 annis
842 687 1005 743 prope
1030 669 1270 725 ducentis
1293 670 1441 726 orbis
1466 674 1751 726 Romanus
1776 677 1830 726 &
1855 672 2032 746 palam
2058 679 2113 728 δε
2130 691 2231 748 pu·

162 743 307 801 blice
331 750 385 801 &
415 746 576 800 libere
602 740 824 798 Christo
854 762 1056 801 nomen
1081 739 1293 799 dedisset
1318 781 1333 808 ,
1391 745 1701 801 auctoribus
1728 743 1851 820 ipfis
1884 749 2233 820 Imperatori·

163 819 303 882 bus,
345 816 514 874 visam
539 814 846 897 ess'e’legcm
892 812 1258 881 necessariam,
1304 839 1424 894 quae
1462 826 1513 874 δι
1548 819 1767 876 tandem
1807 819 1912 876 lata
1936 821 2044 883 est,
2086 841 2144 879 ut
2171 825 2229 879 in

162 894 324 952 trullo
350 891 470 949 foto
505 893 586 949 vel
609 893 894 950 advocatus
918 897 998 949 vel
1023 893 1314 950 causidicus
1337 889 1456 950 ess'et
1490 895 1622 950 ullus
1641 931 1657 957 ,
1711 894 1791 950 vel
1816 898 1898 966 jus
1921 895 2230 971 postulandi

164 967 458 1045 quisquam
493 967 738 1032 haberet,
775 971 870 1043 qui
897 967 1243 1025 Christianus
1269 988 1379 1024 non
1406 964 1549 1024 effer.
1589 970 1628 1024 1.
1671 977 1724 1024 8.
1764 969 1906 1025 Cod.
1933 969 2000 1026 de
2028 969 2231 1030 Postul.

163 1048 366 1120 Qam
401 1041 505 1101 fuit
539 1046 722 1120 itaque
761 1043 942 1101 nobile
969 1045 1203 1113 Minucii
1230 1041 1398 1099 nostri
1427 1044 1737 1118 exemplum
1758 1079 1776 1107 ,
1815 1062 1928 1121 quo
1961 1046 2230 1106 bonarum

163 1120 408 1196 partium
428 1156 446 1182 ,
486 1138 750 1193 quantum
785 1121 984 1194 potuit,
1031 1137 1286 1193 patronus
1303 1122 1496 1176 Romae
1523 1116 1655 1183 fuit,
1694 1137 1805 1194 quo
1830 1137 2230 1196 temporenon-

165 1195 308 1251 'dum
341 1197 564 1269 impune
607 1192 710 1250 hoc
748 1194 933 1250 licebat
962 1205 981 1250 ἓ
1034 1198 1192 1250 Certe
1217 1191 1545 1251 Christianis
1575 1210 1703 1251 tunc
1735 1211 1845 1250 erat
1882 1195 2233 1253 interdistum

163 1270 330 1333 foro,
376 1287 548 1344 neque
582 1269 649 1325 iis
671 1271 751 1341 jus
774 1267 1081 1344 postulandi
1110 1272 1305 1326 Praetor
1336 1266 1516 1327 dabat.
1597 1271 1801 1326 Verum
1827 1267 1918 1329 etfi
1947 1273 2122 1347 magis
2152 1273 2236 1329 illi

165 1345 377 1422 palliati
404 1363 572 1420 quam
594 1344 768 1422 togati
788 1339 886 1399 effe
913 1344 1166 1401 solerent:
1206 1361 1390 1400 tamen
1424 1346 1554 1419 quia
1578 1345 1645 1400 iis
1671 1341 1879 1420 respub.
1907 1342 2040 1420 saepe
2062 1365 2236 1403 carere

167 1432 288 1477 non
317 1435 522 1495 poterat
541 1456 557 1483 ,
596 1417 891 1492 aliquando
908 1437 1120 1497 rogatos
1147 1415 1244 1473 effe
1265 1438 1389 1483 eos,
1432 1427 1485 1475 δι
1510 1437 1701 1476 eorum
1723 1419 1987 1494 quosdam
2005 1422 2230 1496 aliquod

164 1497 232 1553 in
259 1494 447 1569 repub.
481 1514 677 1550 munus
695 1494 878 1557 obire,
915 1492 1039 1570 pasli
1067 1493 1188 1551 sunt
1208 1493 1411 1550 ethnici
1440 1496 1724 1569 principes.
1786 1491 2090 1551 Christiani
2113 1499 2232 1553 Im-

167 1570 446 1646 'peratores
468 1567 662 1624 deinde
691 1568 863 1624 multo
884 1568 1031 1624 fuere
1068 1568 1491 1656 indulgentiores
1517 1605 1535 1634 ,
1583 1572 1680 1645 qui
1709 1587 1801 1625 eos
1821 1576 1875 1625 &
1904 1567 2241 1633 consules&

168 1640 460 1704 Praefectos
487 1645 622 1701 Urbi
647 1660 807 1719 atque
832 1646 996 1699 etiam
1025 1646 1280 1701 Praetorro
1305 1645 1580 1700 interdum
1604 1643 1885 1707 creabant,
1936 1662 2072 1720 quos
2101 1646 2240 1701 alio·

169 1722 274 1794 qui
312 1739 424 1774 non
458 1718 785 1796 ignorabant
821 1715 918 1774 effi:
939 1721 1223 1775 acerrimos
1256 1716 1433 1775 hostes
1461 1719 1551 1776 reli
1599 1723 1777 1782 ionis,
1819 1720 2238 1800 quod'rintellfgi

169 1792 351 1872 potest
375 1796 455 1849 vel
481 1812 547 1849 ex
576 1795 735 1849 unius
757 1793 1070 1869 Symmachi
1097 1793 1431 1851 conditione.
1471 1737 1728 1852 Sedgfasti
1743 1794 1962 1852 tandem
1990 1794 2240 1871 aliquan·

170 1871 251 1926 do
271 1867 390 1925 sunt
418 1867 734 1929 severiores,
783 1877 838 1925 &
869 1866 1108 1927 senatum
1137 1866 1428 1945 forumque
1453 1872 1771 1927 Romanum
1803 1884 2235 1947 pet-purgarunt,

170 1952 229 2003 δε
254 1945 530 2000 Minucios
552 1942 814 2019 quosdam
843 1939 946 1999 effe
970 1940 1255 2011 iniierunt,
1296 1947 1605 2020 quicunque
1626 1944 1706 2001 vel
1729 1946 1812 2016 jus
1847 1944 2082 2001 dicerent·
2099 1985 2117 2011 ,
2145 1945 2234 2002 vel

168 2017 358 2079 causas
380 2037 617 2096 agerent.
700 2023 866 2074 Aram
899 2021 1184 2081 Vistoriae,
1225 2038 1342 2095 quae
1375 2021 1431 2075 in
1455 2018 1715 2079 vestibulo
1736 2019 1896 2075 cutiae
1924 2016 2126 2084 stabat,
2162 2018 2236 2077 ad

170 2096 358 2169 quam*
379 2092 586 2149 senatus
613 2097 782 2164 jurare
809 2110 968 2169 atque
992 2091 1279 2150 sacrificare
1303 2092 1530 2160 solebat,
1546 2097 1657 2168 jam
1685 2092 1895 2170 pridem
1918 2110 2235 2159 everterant,

170 2166 300 2246 ipso
320 2170 482 2224 etiam
511 2166 839 2246 Symmacho
863 2175 917 2225 δι
955 2165 1134 2238 senatu
1163 2170 1505 2241 reclamante.
1582 2168 1685 2228 Sed
1718 2159 2007 2226 effecerunt
2028 2166 2237 2245 postre-

172 2264 314 2308 mo,
352 2260 409 2300 ut
438 2263 548 2300 non
579 2241 749 2300 modo
778 2238 811 2301 a
835 2243 927 2302 tali
954 2241 1326 2320 superstitione
1346 2244 1497 2302 liberi
1522 2241 1682 2303 effent
1708 2261 1903 2301 omnes
1931 2241 2234 2323 togati,sed

168 2322 342 2390 etiam
370 2319 593 2375 utnulla
618 2322 674 2375 in
700 2317 824 2375 foro
858 2317 957 2375 nisi
984 2318 1296 2376 Christiana
1322 2316 1445 2376 effet
1472 2320 1561 2377 illa
1592 2316 2042 2396 lurisprudentia,
2083 2322 2233 2398 eujus

143 2399 288 2472 ·jam
311 2395 450 2452 olim
472 2396 653 2469 aliqua
674 2395 732 2449 in
763 2395 1010 2450 Minucio
1034 2392 1222 2450 nostro
1246 2392 1457 2472 effigies
1470 2393 1670 2454 suerat.
2202 2445 2207 2450 .

177 2480 214 2528 ’,
256 2471 567 2526 Minuciani
598 2469 751 2539 hujus
777 2469 961 2525 Libelli
984 2471 1293 2544 inscriptio,
1334 2479 1388 2526 δι
1419 2472 1639 2550 Dialogi
1669 2468 1880 2534 forma,
1921 2473 2233 2548 antiquum,
2284 2513 2287 2520 ι

143 2545 558 2619 ‚eruditumque
582 2544 843 2601 scribendi
886 2563 1096 2599 morem
1125 2544 1301 2601 refert.
1378 2549 1560 2602 Genus
1596 2548 1807 2604 dicendi
1834 2544 1912 2600 est
1939 2564 2193 2628 argutum
2213 2581 2232 2609 ,

169 2613 333 2682 aere,
373 2617 680 2686 vehemens.
724 2616 816 2675 Est
835 2617 1095 2694 preffum,
1137 2618 1394 2684 densum,
1443 2619 1761 2684 nervosum,
1799 2621 1997 2677 crebris
2026 2622 2234 2690 senten·-

137 2699 271 2756 mis
295 2693 642 2768 compactum
669 2731 686 2757 ,
742 2696 1107 2768 omniumque
1147 2697 1533 2769 antiquitatum
1555 2713 1716 2770 atque
1742 2694 2091 2753 historiarum
2118 2712 2235 2751 rne-

135 2772 362 2830 :moria
383 2765 637 2826 refertum
663 2791 677 2825 ε
720 2773 772 2825 &
799 2770 856 2824 in
882 2788 992 2842 quo
1019 2769 1187 2842 plures
1217 2767 1532 2834 sententias,
1573 2790 1738 2841 quam
1767 2769 2015 2847 periodos
2042 2788 2237 2825 nume-

139 2867 151 2904 :
173 2866 295 2906 nare
319 2842 502 2922 postis.
570 2847 719 2901 Nam
759 2862 930 2918 neque
952 2842 1153 2898 verbofi
1177 2845 1309 2900 olim
1335 2841 1553 2901 fuerunt
1576 2844 1910 2906 Christiani,
1989 2844 2045 2899 ui
2073 2843 2237 2900 verba

145 2919 307 2986 „aare
329 2918 575 2977 nondum
606 2920 928 2975 didicerant:
974 2926 1023 2974 8<
1051 2937 1236 2974 eorum
1262 2922 1474 2995 patroni
1498 2937 1649 2976 erant
1672 2920 1920 2977 homines
1950 2863 2132 2981 docti,
2173 2936 2239 2975 ac

147 3019 154 3030 ³
178 3000 260 3067 (nt
289 3015 408 3052 uuo
436 2995 595 3049 verbo
613 2993 811 3062 dicam)
846 2992 1218 3069 polyhistores.
1298 2994 1467 3069 Qod
1497 2996 1563 3050 ad
1598 2993 1723 3052 falsa
1751 2996 1983 3052 crimina
2008 2994 2239 3058 attinet,

173 3091 295 3129 non
319 3088 436 3128 tam
470 3070 643 3126 verbis
669 3077 724 3126 δε
759 3068 948 3125 libellis
975 3087 1140 3144 quam
1183 3071 1295 3127 vita
1332 3077 1386 3128 δε
1422 3089 1478 3126 re
1516 3068 1628 3147 ipfa
1662 3070 1968 3127 refellebant
1996 3067 2244 3133 adversa·

174 3166 314 3203 tros.

251 3218 540 3295 Qaestio.
581 3236 699 3291 quae
729 3215 816 3273 hie
843 3220 1192 3293 proponitur,
1215 3226 1292 3275 ·&
1322 3218 1478 3277 causa
1499 3257 1516 3282 ,
1559 3237 1667 3295 qua
1687 3219 1754 3276 de
1780 3220 1992 3298 agitur,
2036 3237 2240 3294 magna

176 3295 256 3352 est
274 3334 289 3358 ,
335 3297 401 3351 de
428 3295 687 3373 religione
710 3311 903 3368 nempe
930 3311 1049 3348 vera
1078 3314 1166 3350 aur
1194 3292 1343 3351 falfa.
1405 3298 1684 3350 Acerrima
1707 3301 1958 3369 utrinque
1985 3293 2062 3349 est
2089 3295 2266 3351 afflo'

176 3390 344 3446 atque
368 3372 664 3425 contentio.
710 3370 898 3423 Exitus
921 3373 973 3422 ὅ(
1006 3371 1230 3426 victoria
1254 3370 1330 3425 est
1348 3371 1552 3443 ,qualis
1578 3366 1678 3425 ess'e
1704 3371 1887 3430 debet,
1927 3369 2019 3424 ubi
2051 3387 2239 3425 verum

177 3466 308 3503 curn
345 3442 479 3500 falso
501 3445 772 3519 confligit.
852 3445 1116 3500 Malarum
1141 3449 1376 3521 partium
1415 3442 1700 3500 vehemens
1737 3462 2023 3519 patronus,
2065 3445 2242 3500 &bo-

177 3539 380 3578 narum
405 3523 582 3595 gravis
603 3517 772 3575 bostis
802 3515 881 3573 est
908 3519 1157 3576 Caecilius
1181 3520 1412 3576 Natalis.
1470 3523 1680 3575 Harum
1701 3537 1885 3575 contra
1906 3518 2138 3581 vindex,
2179 3526 2241 3576 δε

175 3599 393 3654 illarum
421 3594 692 3652 ¹accusator
714 3594 1004 3650 acerrimus
1029 3611 1187 3669 atque
1216 3592 1518 3666 justiffimus
1539 3593 1619 3650 est
1643 3596 1906 3651 Offileavius
1933 3594 2240 3650 Ianuarius.

176 3672 403 3728 Medius
432 3670 566 3727 sedet
594 3671 767 3726 bonus
794 3668 950 3740 judex
980 3683 1139 3745 atque
1166 3671 1362 3727 arbiter
1393 3669 1662 3725 Minucius
1689 3672 1869 3726 Felix.
1914 3671 2244 3725 Contentio-

178 3748 268 3830 nis
291 3745 496 3805 occafio
515 3744 651 3811 fuit,
692 3743 839 3822 quod
860 3762 984 3804 cum
1013 3744 1102 3803 hic
1123 3764 1248 3805 curn
1274 3745 1483 3803 duobus
1503 3745 1647 3876 illisG,
1679 3763 1818 3819 quos
1842 3745 2147 3873 nominarii?
2176 3745 2239 3798 in

213 3829 218 3834 ’
1668 3839 1707 3898 g
1757 3840 1778 3894 ς
2133 3834 2250 3871 tote
