2703 4573
697 269 1857 364 DEDIcArlo„

182 440 422 551 longe
456 436 676 522 alius
729 442 916 525 illuc
958 442 1403 553 regreditur
1431 442 1757 525 ?'Tunc
1796 438 2098 523 scilicet
2139 422 2283 524 illa

192 550 725 634 robustissime
786 555 1153 666 per-cellit
1215 551 1753 636 infirmitatem
1806 554 2281 653 humanam,

192 690 423 773 quum
464 667 835 747 maxime
880 664 1104 746 inflat
1144 663 1220 747 se
1256 693 1348 748 ac
1393 664 1756 748 tumescit
1793 667 1895 748 ad
1936 661 2283 747 resisten-

200 779 372 857 dum
412 831 437 871 ‚
517 799 788 886 prout
843 777 1189 888 contigit
1243 777 1431 859 huic
1498 778 1862 859 Caecilio.
1973 775 2135 859 Sed
2200 778 2285 856 δε

190 913 414 969 omen
458 889 853 999 placendi
890 887 1150 970 secum
1210 886 1477 970 ferunt
1518 889 1806 998 partim
1847 908 1946 970 ex
1988 896 2276 999 opere,

182 1026 341 1108 quo
399 1001 819 1081 exercitos
872 1025 1007 1081 eos
1073 1000 1342 1092 nosti,
1409 1001 1699 1110 partim
1748 1026 1849 1082 ex
1908 998 2284 1107 materia,

179 1113 305 1192 cui
337 1110 432 1191 id
493 1111 1016 1221 impendunt.
1136 1114 1544 1221 Utrinque
1585 1113 1796 1194 enim
1835 1131 2057 1222 patet
2101 1111 2287 1192 Stu-

190 1223 314 1302 dia
347 1228 431 1302 &
460 1224 993 1334 Religionem
1030 1223 1191 1305 illis
1228 1225 1458 1305 cordi
1493 1222 1642 1304 effe
1665 1278 1694 1320 ,
1751 1219 2286 1333 pretiofissima
2361 1268 2364 1271 -

188 1330 487 1416 scilicet
526 1336 888 1416 hominis
928 1355 1387 1417 ornamenta
1421 1390 1449 1430 ‚
1521 1362 1702 1444 quae
1755 1334 2060 1417 idcirco
2096 1330 2286 1415 filiis

190 1446 394 1527 Tuis
447 1446 810 1558 egregiis
850 1446 1085 1527 etiam
1118 1467 1211 1528 ut
1255 1445 1791 1557 purgatiffime
1845 1442 2288 1527 circumda-

121 1640 130 1650 ,
192 1581 511 1655 rentur,
573 1581 737 1670 pro
758 1555 1167 1639 sedulitate
1190 1553 1945 1668 paternacuravisti‚
1993 1553 2171 1664 Ipse
2194 1572 2288 1636 ua

194 1668 517 1779 trinque
557 1670 1040 1782 perpolitus.
1123 1670 1229 1754 Et
1274 1688 1485 1749 certe
1523 1696 1619 1752 ex
1670 1669 1825 1750 hoc
1865 1666 2288 1777 colloquio

197 1780 841 1891 deprehenditur
895 1781 1132 1862 illamx
1152 1778 1662 1890 posteriorem
1697 1778 1807 1860 'in
1854 1779 2079 1860 Italia
2137 1776 2289 1859 isto

206 1912 576 2003 tempore
602 1892 899 1976 divinis
939 1890 1304 2002 auspiciis
1323 1889 1633 1973 fervide
1670 1886 2287 1972 subolescentem

223 2030 307 2084 ac
336 2004 808 2117 {impliciter
844 2003 1263 2085 colendam
1303 2001 1596 2084 nostras
1655 2006 1846 2083 mox
1886 2001 1983 2083 ad
2026 2002 2285 2082 Ocea-

225 2139 397 2197 num
434 2118 818 2229 regiones
860 2134 1257 2196 veneratas
1297 2110 1523 2196 fuiss‘e
1578 2110 1973 2223 augustius
2031 2118 2111 2192 &
2156 2139 2292 2193 ve-

214 2229 456 2309 nerari
495 2246 693 2311 cum
721 2226 1104 2323 maxime,
1157 2226 1242 2307 in
1280 2230 1502 2337 cujus
1540 2222 1903 2308 custodia
1937 2223 2291 2305 eminen-

217 2337 590 2422 tiffimarn
631 2339 1023 2449 quandam
1060 2357 1364 2447 partem
1406 2339 1609 2420 Tuae
1634 2335 2026 2447 sapientiae
2066 2335 2290 2416 attri-

215 2447 385 2533 buit
405 2456 667 2561 major
692 2449 1200 2534 Providentia
1232 2502 1264 2545 ,
1297 2452 1655 2562 omnium
1696 2465 1956 2532 rerum
1995 2444 2290 2528 nostra-

214 2588 388 2645 rum
423 2562 745 2646 arbitra.
1018 2645 1022 2649 Α
1146 2605 1151 2612 ·
2285 2589 2294 2658 ζ

340 2674 534 2794 Ego
568 2671 894 2782 quidem
947 2670 1132 2753 illos
1195 2696 1355 2753 non
1397 2667 1772 2778 generavi
1810 2723 1836 2764 ,
1891 2664 2025 2750 sed
2063 2662 2292 2776 quod

220 2786 537 2896 paterni
571 2784 907 2866 muneris
948 2783 1208 2866 vicem
1244 2780 1563 2890 supplet
1602 2836 1628 2877 ,
1685 2777 1985 2891 suscepi
2020 2781 2101 2859 in
2146 2779 2293 2859 bo-

224 2925 398 2982 nam
460 2896 681 3007 spem
720 2953 748 2994 ,
804 2892 1138 3004 fovique
1177 2898 1257 2973 &
1303 2915 1484 2974 toto
1541 2919 1806 2974 amore
1841 2892 1926 2973 in
1964 2892 2291 2971 illorum

222 3012 539 3094 cultum
595 3015 673 3090 ἃς
719 3006 998 3088 nitoris
1053 3007 1533 3087 incrementa
1594 3003 1994 3114 conjestus
2051 3002 2292 3083 habui

227 3123 571 3207 assiduos
610 3120 816 3201 circa
872 3144 997 3201 me
1036 3172 1063 3215 ,
1116 3136 1210 3199 ut
1269 3115 1769 3225 voluptatem
1810 3169 1837 3211 ‚
1892 3140 2127 3223 quam
2190 3137 2290 3193 ex

227 3261 506 3318 eorum
546 3229 1022 3313 amabilitate
1058 3228 1473 3339 carpebam
1513 3282 1545 3323 2
1595 3252 1778 3307 cura
1819 3251 1987 3306 mea
2020 3230 2100 3306 &
2142 3217 2296 3305 fin·

228 3348 501 3460 gendo
541 3339 1051 3453 repensarem.
1109 3339 1425 3424 Etenim
1448 3357 1753 3419 utentes
1794 3334 2118 3432 lenitate
2141 3332 2295 3415 ser-

224 3460 488 3552 monis
534 3452 1057 3562 Latiniquatn
1097 3446 1679 3546 venustiss‘t-ma,
1718 3452 1922 3531 &ex
1944 3446 2295 3559 praeteri-

224 3573 331 3687 t:s
363 3567 667 3654 saeculis
710 3561 1114 3647 interdum
1150 3562 1420 3645 abdita
1473 3560 1837 3669 quaedam
1878 3561 2292 3644 Romano-

225 3711 396 3767 rum
440 3685 747 3766 rituum·
767 3674 1223 3759 adhibentes
1261 3672 1861 3755 obnubilaverat
1887 3669 2298 3754 interdum
2389 3689 2424 3714 ⁶

225 3791 464 3884 scriba
517 3787 966 3879 connivens
1005 3839 1044 3886 ‚.
1088 3783 1491 3872 interdum
1526 3781 1644 3948 {¹2³
1676 3782 2065 3897 temporis
2122 3806 2304 3972 mg}

1674 3919 1724 4004 3
1969 3931 1970 3934 γ
