2703 4573
870 241 1104 333 DE
1164 189 2013 333 DICATI'o.

415 408 978 501 contenderem
1013 465 1043 508 ,
1117 429 1211 494 ut
1269 408 1472 492 hanc
1524 410 1809 494 mentis
1848 408 2174 508 intimos
2232 406 2511 494 sensus

417 549 639 607 meos
696 542 1278 638 pertentantem
1316 521 1888 605 exultationem
1944 523 2158 604 Patri
2221 520 2511 606 Revess-

421 634 676 716 tendo
713 629 1198 718 declararent
1219 689 1246 731 ‚
1305 661 1466 716 non
1488 637 1721 747 potui
1763 657 2022 716 tamen
2066 660 2208 715 nec
2246 633 2505 715 debui
2545 728 2556 733 d

419 743 533 857 ita
571 743 722 830 effe
762 745 1016 859 segnis
1040 802 1067 844 ‚
1122 767 1215 828 ut
1257 773 1416 826 non
1451 747 1866 827 -ardentius
1906 746 2238 853 aliquod
2277 747 2505 828 indi-

421 857 632 940 cium
673 856 1046 941 officiosae
1071 857 1507 957 voluntatis
1553 872 1741 940 meae
1782 855 2499 966 circumspicerem.

423 969 494 1076 Α
566 969 975 1065 noscebam
1018 970 1227 1055 enim
1288 967 1674 1053 duntaxat
1734 995 1860 1050 me
1917 969 2278 1051 adastum
2337 967 2507 1061 effe

423 996 558 1161 adg
584 1079 849 1191 parilis
905 1079 1265 1191 obsequii
1315 1079 1825 1163 dulcedinem
1865 1081 2067 1161 Tibi
2120 1078 2504 1188 praestan-

425 1190 612 1279 dam
653 1248 680 1290 ,
735 1191 792 1275 fi
835 1219 993 1276 non
1037 1219 1180 1305 per
1206 1186 1612 1304 ‘triplicem
1652 1193 1733 1273 in
1775 1191 1980 1274 letto
2022 1192 2318 1304 geniali
2358 1219 2501 1273 na-

427 1323 641 1401 tam,
696 1302 964 1388 saltem
1003 1304 1383 1415 exemplo
1425 1311 1506 1387 &
1550 1331 1769 1386 more
1810 1304 2202 1386 Minervae
2244 1330 2344 1386 ex
2366 1331 2506 1386 ca-

428 1414 603 1527 pite
641 1415 938 1499 editam
971 1437 1109 1517 aut
1145 1418 1427 1525 utique
1460 1414 1805 1526 adjutam
1844 1416 2180 1524 prolem.

552 1525 923 1632 Quodsi
961 1525 1233 1639 passim
1286 1525 1769 1609 inculcamus
1810 1525 1946 1606 illa
2000 1548 2093 1608 ut
2133 1526 2505 1638 religiose

350 1714 361 1721 ,
430 1636 915 1722 observanda
955 1657 1392 1751 praecepta,
1419 1636 1422 1639 ’
1450 1646 1627 1749 ‘quae
1663 1637 2313 1746 inoportunitate
2352 1636 2508 1719 sta-

431 1770 675 1832 tuunt
716 1749 1022 1862 negotii
1058 1746 1480 1861 cujuslibet
1514 1769 1756 1859 caput
1778 1775 1868 1831 ac
1910 1749 2224 1841 culmen
2244 1794 2269 1847 3
2331 1777 2508 1832 me-

430 1862 593 1944 rito
627 1883 840 1945 certe
877 1861 1269 1970 imaginor
1306 1861 1509 1942 hanc
1529 1861 1679 1944 esse
1713 1859 1933 1943 illam
1969 1862 2511 1949 commodita-

432 1992 599 2065 tem
637 2028 665 2070 ‚
740 1972 1199 2055 mirabiliter
1251 1972 1492 2055 causae
1556 1999 1747 2055 meae
1789 1998 2235 2084 *congruam
2286 2034 2310 2066 ,
2406 1992 2510 2057 ut

435 2081 689 2171 officii
724 2081 1069 2166 faciendi
1087 2111 1283 2195 ergo
1306 2111 1513 2167 nunc
1535 2086 1738 2167 irent
1758 2083 1860 2164 ad
1880 2083 2011 2166 Te
2028 2089 2108 2165 δε
2136 2084 2355 2166 velut
2385 2085 2506 2166 al-

433 2195 886 2307 legarentur
907 2194 988 2275 hi
1008 2248 1029 2286 ‚
1047 2197 1194 2305 qui
1214 2195 1555 2281 linteatae
1578 2195 1741 2279 sedi
1763 2195 1967 2277 Tuae
1991 2251 2017 2294 ,
2036 2195 2104 2276 B
2118 2197 2196 2278 U
2216 2198 2290 2278 R
2304 2195 2377 2276 N
2396 2198 2506 2279 E·

435 2306 602 2390 TE
628 2363 654 2404 ,
711 2306 1000 2390 Praesul
1041 2307 1658 2419 Sapientiffime,
1712 2306 1989 2390 adsunt
2015 2365 2044 2405 ‚
2086 2308 2500 2392 Minucius

438 2418 681 2510 Felix
700 2476 728 2518 ‚
751 2419 1135 2518 Ostavius
1155 2420 1563 2531 januarius
1588 2476 1614 2517 ,
1648 2426 1727 2503 δε
1752 2420 2124 2520 Caecilius
2154 2420 2238 2502 N
2249 2420 2502 2503 atalia

546 2530 874 2614 Horum
898 2530 1196 2640 priores
1232 2532 1523 2616 divinae
1548 2533 1761 2643 pacis
1798 2533 2157 2640 potentia
2174 2532 2277 2614 ad
2299 2533 2504 2615 veri-

437 2641 623 2728 tatis
681 2643 1047 2726 notitiam
1088 2644 1538 2726 traduxerat
1569 2645 1852 2754 ignota
1891 2645 2119 2725 nobis
2154 2651 2235 2726 Sc
2274 2671 2510 2732 occa·¹
2587 2730 2594 2737 ,

439 2751 657 2838 fiune
672 2760 751 2837 &
776 2754 1098 2842 ratione.
1155 2754 1249 2836 In
1272 2755 1616 2837 Caecilio
1632 2753 1934 2836 tardior
1948 2756 2221 2837 eadem
2244 2755 2509 2839 voluit

440 2861 523 2954 se
556 2863 658 2945 ad
700 2863 1027 2947 salutem
1068 2868 1234 2973 ejus
1273 2865 1673 2962 exserere,
1726 2864 1945 2975 quasi
1987 2866 2091 2947 de
2129 2865 2509 2950 industria

443 2976 865 3086 expectans
904 2976 1188 3059 horum
1229 2980 1468 3061 trium
1509 2998 1994 3076 conventum
2034 2984 2115 3062 &
2157 2978 2506 3062 ambula-

441 3085 748 3179 tionem
787 3086 1255 3171 Ostiensem.
1314 3091 1599 3200 Itaque
1635 3110 1727 3171 ut
1764 3111 2001 3173 tantae
2044 3091 2158 3173 rei
2176 3090 2510 3180 modum

441 3196 817 3292 sciamus,
879 3197 1190 3283 instruit
1225 3228 1369 3283 nos
1390 3200 1519 3283 hic
1558 3200 1915 3299 libellus,
1970 3202 2102 3285 vel
2132 3230 2233 3285 eo
2271 3197 2511 3298 vene-3

444 3308 713 3398 rabilis
751 3366 779 3407 ‚
831 3311 1058 3418 quod
1095 3338 1196 3394 ex
1248 3311 1407 3394 isto
1462 3310 1805 3423 spestare
1837 3313 2336 3397 liceat-velut
2369 3342 2509 3410 ex·,

444 3422 807 3531 emplum,
822 3421 1123 3504 arbitrii
1141 3479 1194 3534 ,ᾗ
1224 3451 1394 3534 quo
1412 3426 1667 3506 utitur
1685 3423 2048 3534 Majestas
2076 3427 2155 3508 N
2171 3428 2462 3517 uminis
2475 3483 2512 3526 ,

447 3532 651 3620 heus
709 3550 943 3644 quam
966 3536 1223 3620 arcani
1261 3591 1290 3633 ‚
1343 3533 2214 3647 testi&inexsp.e&ati2
2267 3566 2514 3649 quam

448 3665 780 3755 repente
844 3643 922 3727 se
994 3645 1605 3733 demonstrantis
1647 3672 1663 3732 ε
1792 3650 2054 3756 Quam
2132 3650 2376 3763 longe
2427 3679 2512 3746 aq

450 3754 607 3840 lius
647 3755 781 3844 hic
821 3756 1207 3844 Caecilius
1244 3759 1445 3857 exiit
1481 3787 1583 3852 ex
1619 3757 1816 3858 urbe
1850 3762 2118 3860 Roma
2158 3775 2190 3849 ἓ
2268 3789 2508 3873 quam

2334 3873 2504 3957 lon-
