2703 4573
538 263 725 378 ¹2²3
1056 264 1336 384 Jurssn
1398 265 1834 351 Fntmm
1895 263 2161 350 MATR
2253 265 2261 273 ’

546 416 839 499 propter
870 397 1142 475 divitias
1177 401 1432 473 Πλέτων
1464 399 1599 474 fuit
1628 425 1885 473 nomen
1906 455 1926 485 ,
1974 396 2346 473 temerario
2366 391 2615 494 cupidi:

549 496 705 568 tatis
743 495 987 570 ardore
1016 553 1040 589 ,
1103 523 1265 571 cum
1298 520 1559 571 moram
1594 496 1940 568 dilationis
1978 496 2160 569 ferre
2196 518 2348 567 non
2377 494 2611 590 poffet','

547 592 623 665 &
654 615 815 664 cum
849 592 935 664 de
972 593 1369 689 praeposteri
1398 591 1643 663 amoris
1673 610 2219 687 conquereretur
2261 588 2610 678 incendiis,

547 707 766 781 prope
809 687 1104 760 Percum
1142 688 1491 762 inventam
1539 686 1880 782 virginem
1920 687 2119 782 rapit.
2212 686 2481 757 Percus
2507 706 2610 755 au·

550 793 693 851 tem
731 780 916 854 lacus
940 836 965 871 ,
1012 781 1083 853 in
1119 781 1399 854 Hennae
1438 780 1729 852 civitatis
1770 779 2025 852 finibus
2062 779 2220 852 satis
2258 801 2612 867 amaeam,

551 875 625 947 δί
659 894 933 972 gratuS,
977 876 1172 972 cujus
1204 893 1563 948 amoenitas
1596 899 1685 947 ex
1726 874 1976 948 florum
2023 871 2478 947 varietatibus
2512 896 2615 946 na·

554 968 786 1043 scitur.
878 971 1076 1042 Nam
1134 995 1260 1066 per
1291 995 1573 1042 omnem
1605 994 1863 1042 annum
1901 968 2189 1043 vicissim
2228 969 2357 1042 fibi
2402 966 2614 1040 suece-

553 1063 878 1138 dentibus
918 1065 1204 1139 floribus
1268 1071 1660 1137 coronatur.
1729 1065 1872 1136 illic
1926 1065 2242 1138 invenies
2289 1062 2615 1159 quicquid

556 1159 912 1257 hyacinthi
945 1179 1180 1258 turget
1211 1159 1285 1231 in
1316 1158 1625 1246 caulem3
1670 1158 1813 1231 illic
1848 1185 2115 1233 comam
2152 1156 2474 1249 narciffi,
2516 1157 2616 1232 vel

552 1255 747 1349 quod
782 1277 1050 1325 auream
1095 1253 1309 1327 rosam
1354 1252 1641 1349 desuper
1677 1253 1929 1350 pingit.
1996 1254 2152 1326 Illic
2194 1255 2376 1327 albae
2419 1254 2608 1325 hede-

554 1371 652 1419 rae
701 1372 826 1454 per
879 1367 1124 1422 terram
1181 1348 1484 1421 molliter
1539 1347 1819 1445 serpunt
1848 1407 1867 1435 ,
1936 1351 2011 1424 ὅτ.
2050 1373 2217 1421 cum
2260 1348 2619 1445 purpureis

556 1441 761 1514 violis
786 1440 1078 1516 suaviter
1108 1443 1362 1516 rubens
1393 1466 1736 1516 amaracus
1768 1444 2122 1517 invenitur
2160 1470 2178 1516 ε
2249 1469 2394 1516 nec
2433 1466 2618 1515 coro·

558 1561 721 1610 nam
753 1537 942 1610 istam
983 1538 1136 1610 alba
1167 1538 1486 1611 deserunt
1522 1537 1685 1609 lilia.
1781 1536 2065 1611 Prorsus
2121 1559 2331 1636 aptus
2386 1541 2619 1628 locus,

558 1632 683 1727 qui
729 1633 946 1729 gratia
996 1631 1113 1705 sua
1165 1633 1497 1730 puellares
1540 1634 1800 1704 animos
1841 1637 1913 1707 &
1954 1634 2273 1707 invitaret
2327 1634 2617 1731 pariter,

554 1730 635 1801 &
670 1746 959 1800 teneret.
1009 1729 1091 1800 In
1127 1728 1260 1801 hoc
1301 1728 1502 1815 loco,
1555 1751 1714 1800 cum
1752 1727 1790 1799 a
1833 1730 2129 1801 Plutone
2166 1729 2385 1826 virgo
2417 1753 2617 1825 prope

556 1820 905 1915 vesperam
936 1820 1165 1894 fuisset
1194 1823 1507 1906 inventa,
1559 1823 1630 1896 vi
1665 1824 1964 1918 rapitur,
2010 1822 2619 1920 &superimposita

557 1916 927 2004 vehicu10,
970 1915 1168 1989 scissis
1202 1916 1502 1989 vestibus
1536 1971 1559 2006 ,
1627 1915 1932 1989 laceratis
1969 1917 2272 1990 crinibus
2310 1918 2614 1991 ducitur.

562 2010 728 2083 Nec
776 2010 1092 2084 reservati
1137 2035 1405 2109 ungues
1440 2031 1679 2083 contra
1710 2031 2079 2085 amatorem
2119 2011 2467 2085 rusticum
2508 2012 2616 2083 ali·

563 2104 736 2202 quid
776 2106 1224 2203 profuerunt,
1270 2131 1397 2179 nec
1433 2105 1694 2179 clamor
1730 2127 1935 2203 atque
1970 2106 2271 2179 ululatus
2314 2106 2614 2204 adjuvit,

562 2224 694 2273 nec
732 2219 1129 2274 caeterarum
1168 2201 1485 2296 strepitus
1521 2201 1934 2297 puellarum.
1984 2203 2198 2275 Tunc
2227 2225 2387 2274 una
2420 2201 2614 2275 celeri

563 2294 767 2368 cursu
805 2351 825 2379 ,
891 2320 1051 2368 eum
1082 2296 1169 2369 de
1207 2298 1485 2371 civitate
1516 2319 1722 2369 nemo
1762 2296 2183 2370 succurreret
2222 2353 2245 2385 ‚
2313 2297 2505 2371 fafia
2536 2319 2612 2370 ex

558 2387 709 2554 igso
751 2389 995 2462 timore
1034 2390 1383 2479 velocior,
1435 2392 1634 2463 matri
1674 2411 1944 2487 raptum
1987 2392 2271 2490 virginis
2310 2393 2612 2465 nunciat.

598 2502 834 2555 'ontra
867 2502 1208 2580 raptorem
1246 2486 1596 2584 indignata
1630 2505 1846 2558 mater
1884 2542 1904 2570 ,
1971 2507 2295 2558 armatam
2333 2510 2612 2560 manum

564 2578 789 2653 ducit«
840 2579 1004 2652 Nec
1038 2578 1410 2654 Plutonem
1446 2578 1751 2653 mul-ieris
1791 2579 2038 2654 fefellit
2075 2583 2465 2667 adventus,
2510 2580 2610 2653 sed

565 2692 650 2748 ut
699 2673 968 2766 retorfit
1011 2676 1093 2747 ad
1141 2675 1489 2748 civitatem
1540 2676 1782 2761 oculos
1817 2733 1840 2767 ,
1899 2679 1974 2749 ὃς
2013 2676 2329 2750 infinitos
2365 2699 2612 2750 cuneos

554 2769 859 2877 respexit
893 2769 1126 2842 venire
1161 2794 1321 2843 cum
1360 2769 1605 2858 matre,
1650 2767 1998 2844 funestum
2037 2774 2221 2867 cepit
2255 2798 2352 2845 ex
2388 2771 2613 2868 despe-

565 2884 830 2938 ratione
861 2863 1247 2938 confilium.·
1332 2865 1759 2962 Qadrigam
1786 2922 1809 2955 ,
1852 2891 2010 2963 quae
2041 2867 2445 2941 vehiculum
2485 2888 2612 2940 tra·

568 2958 776 3030 hebat
799 3015 823 3048 ‚
870 2982 993 3052 per
1024 2959 1330 3033 medium
1367 2961 1592 3033 lacum
1629 2961 1887 3057 dirigit.
1982 2963 2046 3033 Is
2074 2981 2219 3033 erat
2253 2962 2610 3058 profundis

565 3053 1007 3148 voraginibus
1028 3053 1397 3128 immersus.
1452 3055 1607 3127 Illic
1640 3080 1799 3128 cum
1831 3057 2050 3127 amata
2076 3056 2466 3149 submersus
2485 3059 2607 3130 vir-

550 3145 731 3314 {ne
764 3193 797 3235 ,.
846 3147 1238 3221 miserandae
1276 3148 1475 3223 matri
1508 3149 1596 3222 de
1626 3169 1849 3223 morte
1881 3151 2047 3224 filiae
2080 3150 2439 3225 funestum
2473 3153 2605 3250 spe·

552 3292 557 3297 -
642 3242 917 3313 aculum
961 3243 1285 3336 praebuit«
1373 3244 1822 3335 HennenseS,
1874 3265 1955 3317 ut
1989 3248 2261 3340 possent⁴
2296 3246 2605 3320 maternis

569 3334 873 3409 lustibus
904 3361 991 3409 ex
1023 3337 1248 3434 aliqua
1280 3358 1470 3435 parte
1505 3340 1812 3413 invenire
1834 3339 2144 3413 solatium
2163 3398 2184 3425 ,
2231 3341 2599 3415 inferorum

568 3454 803 3530 regem
840 3431 1177 3599 ‘siliginem
1220 3434 1502 3530 rapuifl'e
1541 3434 1922 3509 finxerunt.
2015 3437 2114 3508 Et
2150 3455 2231 3508 ut
2269 3436 2446 3511 fides
2481 3436 2597 3533 fig·

552 3548 883 3601 mentum
951 3548 1357 3623 oqueretur,
1398 3553 1614 3625 prope
1648 3529 2009 3627 Syracusas
2042 3555 2205 3604 eum
2244 3556 2370 3628 per
2405 3532 2595 3606 alium

568 3620 804 3695 locum
840 3646 999 3696 cum
1031 3622 1299 3720 virgine
1331 3625 2053 3722 emerfiss'eja&arunt.
2104 3627 2496 3725 Templum
2513 3626 2596 3699 sa·

571 3739 661 3789 ne
699 3718 772 3792 &
811 3718 1067 3813 raptori
1100 3775 1124 3809 ,
1191 3721 1265 3794 δε
1299 3717 1552 3816 virgini
1583 3719 1897 3797 accurate
1932 3722 2196 3796 collatis
2228 3721 2594 3822 sumptibus

2359 3927 2365 3934 ,
2510 3816 2594 3909 a
