<?xml version="1.0" encoding="UTF-8"?>
<!DOCTYPE html PUBLIC "-//W3C//DTD XHTML 1.0 Transitional//EN"
    "http://www.w3.org/TR/xhtml1/DTD/xhtml1-transitional.dtd">
<html xmlns="http://www.w3.org/1999/xhtml" xml:lang="en" lang="en">
 <head>
  <title>
</title>
<meta http-equiv="Content-Type" content="text/html;charset=utf-8" />
  <meta name='ocr-system' content='tesseract 3.04.00' />
  <meta name='ocr-capabilities' content='ocr_page ocr_carea ocr_par ocr_line ocrx_word'/>
</head>
<body>
  <div class='ocr_page' id='page_1' title='image "./mminuciifelicis00mategoog_0097.png"; bbox 0 0 2703 4573; ppageno 0'>
   <div class='ocr_carea' id='block_1_1' title="bbox 133 246 2207 479">
    <p class='ocr_par' dir='ltr' id='par_1_1' title="bbox 133 246 2207 479">
     <span class='ocr_line' id='line_1_1' title="bbox 676 246 2204 333; baseline 0.003 -4"><span class='ocrx_word' id='word_1_1' title='bbox 676 246 761 330; x_wconf 89' lang='lat' dir='ltr'>O</span> <span class='ocrx_word' id='word_1_2' title='bbox 830 271 889 330; x_wconf 85' lang='lat' dir='ltr'>c</span> <span class='ocrx_word' id='word_1_3' title='bbox 949 263 1011 329; x_wconf 77' lang='grc' dir='ltr'><strong>Τ</strong></span> <span class='ocrx_word' id='word_1_4' title='bbox 1075 272 1131 329; x_wconf 77' lang='grc' dir='ltr'><strong>Δ</strong></span> <span class='ocrx_word' id='word_1_5' title='bbox 1192 247 1250 331; x_wconf 65' lang='lat' dir='ltr'>V</span> <span class='ocrx_word' id='word_1_6' title='bbox 1323 277 1360 331; x_wconf 88' lang='lat'>1</span> <span class='ocrx_word' id='word_1_7' title='bbox 1429 276 1494 332; x_wconf 81' lang='lat' dir='ltr'>u</span> <span class='ocrx_word' id='word_1_8' title='bbox 1562 251 1627 329; x_wconf 59' lang='lat' dir='ltr'>sl</span> <span class='ocrx_word' id='word_1_9' title='bbox 2097 250 2204 333; x_wconf 70' lang='grc' dir='ltr'>ἆτ’</span> 
     </span>
     <span class='ocr_line' id='line_1_2' title="bbox 133 375 2207 479; baseline 0.001 -25"><span class='ocrx_word' id='word_1_10' title='bbox 133 375 376 455; x_wconf 81' lang='lat' dir='ltr'>hendes</span> <span class='ocrx_word' id='word_1_11' title='bbox 403 390 426 423; x_wconf 91' lang='lat'><em>¹</em></span> <span class='ocrx_word' id='word_1_12' title='bbox 448 378 732 455; x_wconf 84' lang='lat' dir='ltr'>initiasse</span> <span class='ocrx_word' id='word_1_13' title='bbox 764 384 932 470; x_wconf 88' lang='lat' dir='ltr'>ritus</span> <span class='ocrx_word' id='word_1_14' title='bbox 970 383 1286 458; x_wconf 88' lang='lat' dir='ltr'>omnium</span> <span class='ocrx_word' id='word_1_15' title='bbox 1319 382 1730 479; x_wconf 86' lang='lat' dir='ltr'>religionum</span> <span class='ocrx_word' id='word_1_16' title='bbox 1774 380 1799 472; x_wconf 70' lang='grc' dir='ltr'>ζ</span> <span class='ocrx_word' id='word_1_17' title='bbox 1847 380 1959 456; x_wconf 84' lang='lat' dir='ltr'>vel</span> <span class='ocrx_word' id='word_1_18' title='bbox 1995 401 2075 456; x_wconf 93' lang='lat' dir='ltr'>ut</span> <span class='ocrx_word' id='word_1_19' title='bbox 2103 409 2207 457; x_wconf 84' lang='lat' dir='ltr'>re-</span> 
     </span>
    </p>
   </div>
   <div class='ocr_carea' id='block_1_2' title="bbox 135 477 2208 674">
    <p class='ocr_par' dir='ltr' id='par_1_2' title="bbox 135 477 2208 674">
     <span class='ocr_line' id='line_1_3' title="bbox 135 477 2208 577; baseline 0.003 -30"><span class='ocrx_word' id='word_1_20' title='bbox 135 498 605 566; x_wconf 81' lang='lat' dir='ltr'>muneraretur</span> <span class='ocrx_word' id='word_1_21' title='bbox 629 477 857 552; x_wconf 87' lang='lat' dir='ltr'>divina</span> <span class='ocrx_word' id='word_1_22' title='bbox 889 480 1306 577; x_wconf 85' lang='lat' dir='ltr'>indulgentia</span> <span class='ocrx_word' id='word_1_23' title='bbox 1323 535 1343 562; x_wconf 91' lang='lat'>,</span> <span class='ocrx_word' id='word_1_24' title='bbox 1391 478 1503 548; x_wconf 86' lang='lat' dir='ltr'>vel</span> <span class='ocrx_word' id='word_1_25' title='bbox 1533 498 1613 550; x_wconf 90' lang='lat' dir='ltr'>ut</span> <span class='ocrx_word' id='word_1_26' title='bbox 1642 483 2059 552; x_wconf 83' lang='lat' dir='ltr'>averteretur</span> <span class='ocrx_word' id='word_1_27' title='bbox 2077 479 2208 554; x_wconf 90' lang='lat' dir='ltr'>im-</span> 
     </span>
     <span class='ocr_line' id='line_1_4' title="bbox 143 572 2206 674; baseline 0.003 -31"><span class='ocrx_word' id='word_1_28' title='bbox 143 573 386 645; x_wconf 86' lang='lat' dir='ltr'>minens</span> <span class='ocrx_word' id='word_1_29' title='bbox 429 572 574 661; x_wconf 85' lang='lat' dir='ltr'>ira‚</span> <span class='ocrx_word' id='word_1_30' title='bbox 624 575 744 645; x_wconf 67' lang='lat' dir='ltr'>aut&#39;</span> <span class='ocrx_word' id='word_1_31' title='bbox 780 595 861 647; x_wconf 89' lang='lat' dir='ltr'>ut</span> <span class='ocrx_word' id='word_1_32' title='bbox 884 579 1023 674; x_wconf 87' lang='lat' dir='ltr'>jam</span> <span class='ocrx_word' id='word_1_33' title='bbox 1067 598 1335 648; x_wconf 86' lang='lat' dir='ltr'>tumens</span> <span class='ocrx_word' id='word_1_34' title='bbox 1387 575 1461 646; x_wconf 88' lang='lat'>&amp;</span> <span class='ocrx_word' id='word_1_35' title='bbox 1493 573 1765 647; x_wconf 85' lang='lat' dir='ltr'>saeviens</span> <span class='ocrx_word' id='word_1_36' title='bbox 1803 576 2206 673; x_wconf 78' lang='lat' dir='ltr'>placaretur.</span> 
     </span>
    </p>
   </div>
   <div class='ocr_carea' id='block_1_3' title="bbox 151 667 2212 778">
    <p class='ocr_par' dir='ltr' id='par_1_3' title="bbox 151 667 2212 778">
     <span class='ocr_line' id='line_1_5' title="bbox 151 667 2212 778; baseline 0.002 -38"><span class='ocrx_word' id='word_1_37' title='bbox 151 667 395 758; x_wconf 69' lang='lat' dir='ltr'>{Testis</span> <span class='ocrx_word' id='word_1_38' title='bbox 435 687 660 742; x_wconf 85' lang='lat' dir='ltr'>mater</span> <span class='ocrx_word' id='word_1_39' title='bbox 686 670 917 758; x_wconf 64' lang='lat' dir='ltr'>rdaea,</span> <span class='ocrx_word' id='word_1_40' title='bbox 985 696 1142 769; x_wconf 86' lang='lat' dir='ltr'>quae</span> <span class='ocrx_word' id='word_1_41' title='bbox 1189 671 1489 745; x_wconf 84' lang='lat' dir='ltr'>adventu</span> <span class='ocrx_word' id='word_1_42' title='bbox 1545 669 1669 778; x_wconf 73' lang='lat' dir='ltr'>suu</span> <span class='ocrx_word' id='word_1_43' title='bbox 1715 673 1789 744; x_wconf 71' lang='grc' dir='ltr'>δε</span> <span class='ocrx_word' id='word_1_44' title='bbox 1846 670 2212 767; x_wconf 78' lang='lat' dir='ltr'>³p1·obavit</span> 
     </span>
    </p>
   </div>
   <div class='ocr_carea' id='block_1_4' title="bbox 147 882 1150 2555">
    <p class='ocr_par' dir='ltr' id='par_1_4' title="bbox 147 882 1146 1414">
     <span class='ocr_line' id='line_1_6' title="bbox 147 882 1130 965; baseline 0.007 -26"><span class='ocrx_word' id='word_1_45' title='bbox 147 882 285 940; x_wconf 68' lang='lat' dir='ltr'>iiano</span> <span class='ocrx_word' id='word_1_46' title='bbox 312 883 404 942; x_wconf 86' lang='lat' dir='ltr'>lib.</span> <span class='ocrx_word' id='word_1_47' title='bbox 440 905 524 944; x_wconf 74' lang='grc' dir='ltr'>ιι.</span> <span class='ocrx_word' id='word_1_48' title='bbox 578 895 776 945; x_wconf 58' lang='lat' dir='ltr'>naizin.</span> <span class='ocrx_word' id='word_1_49' title='bbox 819 888 967 963; x_wconf 67' lang='lat' dir='ltr'>l&#39;eog.</span> <span class='ocrx_word' id='word_1_50' title='bbox 1010 904 1130 965; x_wconf 78' lang='lat' dir='ltr'>cap.</span> 
     </span>
     <span class='ocr_line' id='line_1_7' title="bbox 156 957 1138 1037; baseline 0.006 -22"><span class='ocrx_word' id='word_1_51' title='bbox 156 978 233 1016; x_wconf 69' lang='grc' dir='ltr'>ιο.</span> <span class='ocrx_word' id='word_1_52' title='bbox 269 957 489 1033; x_wconf 63' lang='grc' dir='ltr'>Ο”τῳμὶν</span> <span class='ocrx_word' id='word_1_53' title='bbox 512 963 672 1037; x_wconf 75' lang='grc' dir='ltr'>χολῆ.</span> <span class='ocrx_word' id='word_1_54' title='bbox 717 1001 735 1021; x_wconf 79' lang='grc'><strong>.</strong></span> <span class='ocrx_word' id='word_1_55' title='bbox 780 1004 796 1019; x_wconf 89' lang='grc'><strong>.</strong></span> <span class='ocrx_word' id='word_1_56' title='bbox 843 1005 858 1020; x_wconf 95' lang='grc'><strong>.</strong></span> <span class='ocrx_word' id='word_1_57' title='bbox 895 960 976 1037; x_wconf 67' lang='grc' dir='ltr'>κα)</span> <span class='ocrx_word' id='word_1_58' title='bbox 1005 964 1138 1021; x_wconf 71' lang='grc' dir='ltr'><strong><em>αιῦτὶι</em></strong></span> 
     </span>
     <span class='ocr_line' id='line_1_8' title="bbox 151 1033 1133 1114; baseline -0.002 -24"><span class='ocrx_word' id='word_1_59' title='bbox 151 1034 298 1095; x_wconf 60' lang='grc' dir='ltr'>ἕκατι</span> <span class='ocrx_word' id='word_1_60' title='bbox 317 1037 555 1114; x_wconf 71' lang='grc' dir='ltr'>ι’ξιτείζω</span> <span class='ocrx_word' id='word_1_61' title='bbox 582 1033 696 1111; x_wconf 53' lang='lat' dir='ltr'>iaie</span> <span class='ocrx_word' id='word_1_62' title='bbox 726 1041 793 1097; x_wconf 62' lang='grc' dir='ltr'>τῦ</span> <span class='ocrx_word' id='word_1_63' title='bbox 818 1037 979 1109; x_wconf 61' lang='grc' dir='ltr'>αἰνδὶιὶς</span> <span class='ocrx_word' id='word_1_64' title='bbox 1001 1079 1019 1105; x_wconf 83' lang='grc'><em>,</em></span> <span class='ocrx_word' id='word_1_65' title='bbox 1072 1037 1133 1094; x_wconf 66' lang='grc' dir='ltr'>αἶ’.</span> 
     </span>
     <span class='ocr_line' id='line_1_9' title="bbox 152 1107 1139 1183; baseline 0.007 -17"><span class='ocrx_word' id='word_1_66' title='bbox 152 1107 261 1176; x_wconf 62' lang='lat' dir='ltr'>ea«,</span> <span class='ocrx_word' id='word_1_67' title='bbox 285 1113 478 1183; x_wconf 68' lang='grc' dir='ltr'>ἱτίρωθι.</span> <span class='ocrx_word' id='word_1_68' title='bbox 563 1115 717 1171; x_wconf 87' lang='lat' dir='ltr'>Huic</span> <span class='ocrx_word' id='word_1_69' title='bbox 738 1116 888 1172; x_wconf 82' lang='lat' dir='ltr'>enim</span> <span class='ocrx_word' id='word_1_70' title='bbox 914 1116 1139 1173; x_wconf 71' lang='lat' dir='ltr'>leffioni</span> 
     </span>
     <span class='ocr_line' id='line_1_10' title="bbox 153 1184 1139 1249; baseline 0.008 -8"><span class='ocrx_word' id='word_1_71' title='bbox 153 1184 512 1246; x_wconf 82' lang='lat' dir='ltr'>testimonium</span> <span class='ocrx_word' id='word_1_72' title='bbox 548 1188 758 1247; x_wconf 80' lang='lat' dir='ltr'>serebat</span> <span class='ocrx_word' id='word_1_73' title='bbox 790 1189 960 1248; x_wconf 83' lang='lat' dir='ltr'>codex</span> <span class='ocrx_word' id='word_1_74' title='bbox 989 1209 1139 1249; x_wconf 82' lang='lat' dir='ltr'>vetu-</span> 
     </span>
     <span class='ocr_line' id='line_1_11' title="bbox 155 1258 1136 1341; baseline 0.007 -24"><span class='ocrx_word' id='word_1_75' title='bbox 155 1258 384 1321; x_wconf 84' lang='lat' dir='ltr'>stiffimus</span> <span class='ocrx_word' id='word_1_76' title='bbox 414 1265 732 1331; x_wconf 58' lang='lat' dir='ltr'>Mediam,</span> <span class='ocrx_word' id='word_1_77' title='bbox 770 1269 857 1323; x_wconf 89' lang='lat' dir='ltr'>eui</span> <span class='ocrx_word' id='word_1_78' title='bbox 871 1267 985 1341; x_wconf 84' lang='lat' dir='ltr'>plus</span> <span class='ocrx_word' id='word_1_79' title='bbox 1001 1265 1136 1331; x_wconf 79' lang='lat' dir='ltr'>fido,</span> 
     </span>
     <span class='ocr_line' id='line_1_12' title="bbox 155 1341 1146 1414; baseline 0.005 -20"><span class='ocrx_word' id='word_1_80' title='bbox 155 1356 303 1414; x_wconf 81' lang='lat' dir='ltr'>quam</span> <span class='ocrx_word' id='word_1_81' title='bbox 330 1341 590 1398; x_wconf 79' lang='lat' dir='ltr'>omnibus</span> <span class='ocrx_word' id='word_1_82' title='bbox 619 1341 766 1399; x_wconf 84' lang='lat' dir='ltr'>aliis.</span> <span class='ocrx_word' id='word_1_83' title='bbox 819 1344 1146 1400; x_wconf 80' lang='lat' dir='ltr'>Gronovius.</span> 
     </span>
    </p>

    <p class='ocr_par' dir='ltr' id='par_1_5' title="bbox 154 1414 1146 1702">
     <span class='ocr_line' id='line_1_13' title="bbox 233 1414 1142 1490; baseline 0.008 -22"><span class='ocrx_word' id='word_1_84' title='bbox 233 1432 253 1468; x_wconf 85' lang='lat'>1</span> <span class='ocrx_word' id='word_1_85' title='bbox 295 1414 521 1490; x_wconf 76' lang='lat' dir='ltr'>initiaffi</span> <span class='ocrx_word' id='word_1_86' title='bbox 563 1421 705 1474; x_wconf 86' lang='lat' dir='ltr'>ritus</span> <span class='ocrx_word' id='word_1_87' title='bbox 745 1422 966 1475; x_wconf 86' lang='lat' dir='ltr'>omnium</span> <span class='ocrx_word' id='word_1_88' title='bbox 1009 1421 1142 1475; x_wconf 87' lang='lat' dir='ltr'>reli-</span> 
     </span>
     <span class='ocr_line' id='line_1_14' title="bbox 154 1489 1142 1566; baseline 0.008 -23"><span class='ocrx_word' id='word_1_89' title='bbox 154 1489 368 1566; x_wconf 82' lang='lat' dir='ltr'>gionum]</span> <span class='ocrx_word' id='word_1_90' title='bbox 429 1493 614 1549; x_wconf 66' lang='lat' dir='ltr'>Cicer.</span> <span class='ocrx_word' id='word_1_91' title='bbox 642 1492 739 1550; x_wconf 86' lang='lat' dir='ltr'>lib.</span> <span class='ocrx_word' id='word_1_92' title='bbox 774 1512 826 1549; x_wconf 85' lang='lat'>1.</span> <span class='ocrx_word' id='word_1_93' title='bbox 851 1492 919 1551; x_wconf 91' lang='lat' dir='ltr'>de</span> <span class='ocrx_word' id='word_1_94' title='bbox 950 1511 1142 1552; x_wconf 82' lang='lat' dir='ltr'>natura</span> 
     </span>
     <span class='ocr_line' id='line_1_15' title="bbox 163 1567 1146 1646; baseline 0.005 -25"><span class='ocrx_word' id='word_1_95' title='bbox 163 1567 382 1625; x_wconf 81' lang='lat' dir='ltr'>Deorum</span> <span class='ocrx_word' id='word_1_96' title='bbox 409 1592 426 1624; x_wconf 85' lang='lat'>.-</span> <span class='ocrx_word' id='word_1_97' title='bbox 482 1569 586 1625; x_wconf 82' lang='lat' dir='ltr'>Ubi</span> <span class='ocrx_word' id='word_1_98' title='bbox 640 1571 932 1627; x_wconf 84' lang='lat' dir='ltr'>initiantur</span> <span class='ocrx_word' id='word_1_99' title='bbox 967 1584 1146 1646; x_wconf 83' lang='lat' dir='ltr'>gentes</span> 
     </span>
     <span class='ocr_line' id='line_1_16' title="bbox 162 1643 892 1702; baseline 0.007 -5"><span class='ocrx_word' id='word_1_100' title='bbox 162 1660 348 1698; x_wconf 80' lang='lat' dir='ltr'>orarum</span> <span class='ocrx_word' id='word_1_101' title='bbox 367 1646 587 1701; x_wconf 76' lang='lat' dir='ltr'>ultime.</span> <span class='ocrx_word' id='word_1_102' title='bbox 633 1643 892 1702; x_wconf 83' lang='lat' dir='ltr'>Elmenh.</span> 
     </span>
    </p>

    <p class='ocr_par' dir='ltr' id='par_1_6' title="bbox 162 1718 1144 1947">
     <span class='ocr_line' id='line_1_17' title="bbox 229 1718 1142 1794; baseline 0.002 -20"><span class='ocrx_word' id='word_1_103' title='bbox 229 1738 257 1773; x_wconf 85' lang='lat'><em>2</em></span> <span class='ocrx_word' id='word_1_104' title='bbox 288 1720 437 1794; x_wconf 85' lang='lat' dir='ltr'>Testis</span> <span class='ocrx_word' id='word_1_105' title='bbox 469 1736 648 1776; x_wconf 88' lang='lat' dir='ltr'>mater</span> <span class='ocrx_word' id='word_1_106' title='bbox 684 1724 844 1776; x_wconf 86' lang='lat' dir='ltr'>Deum</span> <span class='ocrx_word' id='word_1_107' title='bbox 871 1718 895 1794; x_wconf 93' lang='lat'>]</span> <span class='ocrx_word' id='word_1_108' title='bbox 925 1788 940 1793; x_wconf 25' lang='grc' dir='ltr'><em>Ο</em></span> <span class='ocrx_word' id='word_1_109' title='bbox 969 1722 1142 1778; x_wconf 87' lang='lat' dir='ltr'>Rom.</span> 
     </span>
     <span class='ocr_line' id='line_1_18' title="bbox 163 1793 1144 1874; baseline 0.006 -26"><span class='ocrx_word' id='word_1_110' title='bbox 163 1793 297 1850; x_wconf 78' lang='lat' dir='ltr'>Idea.</span> <span class='ocrx_word' id='word_1_111' title='bbox 333 1812 389 1851; x_wconf 89' lang='lat' dir='ltr'>ut</span> <span class='ocrx_word' id='word_1_112' title='bbox 415 1796 562 1872; x_wconf 88' lang='lat' dir='ltr'>apud</span> <span class='ocrx_word' id='word_1_113' title='bbox 613 1795 739 1852; x_wconf 77' lang='lat' dir='ltr'>Cic.</span> <span class='ocrx_word' id='word_1_114' title='bbox 772 1794 840 1853; x_wconf 86' lang='lat' dir='ltr'>de</span> <span class='ocrx_word' id='word_1_115' title='bbox 875 1793 1144 1874; x_wconf 80' lang='lat' dir='ltr'>Haruspi-</span> 
     </span>
     <span class='ocr_line' id='line_1_19' title="bbox 162 1868 820 1947; baseline 0.005 -22"><span class='ocrx_word' id='word_1_116' title='bbox 162 1887 267 1926; x_wconf 86' lang='lat' dir='ltr'>cum</span> <span class='ocrx_word' id='word_1_117' title='bbox 283 1868 567 1947; x_wconf 77' lang='lat' dir='ltr'>responsis.</span> <span class='ocrx_word' id='word_1_118' title='bbox 608 1890 820 1931; x_wconf 69' lang='lat' dir='ltr'>nmwer.</span> 
     </span>
    </p>

    <p class='ocr_par' dir='ltr' id='par_1_7' title="bbox 166 1944 1150 2555">
     <span class='ocr_line' id='line_1_20' title="bbox 230 1944 1148 2024; baseline 0.004 -23"><span class='ocrx_word' id='word_1_119' title='bbox 230 1948 401 2004; x_wconf 80' lang='lat' dir='ltr'><em>Mater</em></span> <span class='ocrx_word' id='word_1_120' title='bbox 420 1944 593 2020; x_wconf 76' lang='lat' dir='ltr'><em>Idaea]</em></span> <span class='ocrx_word' id='word_1_121' title='bbox 641 1953 774 2024; x_wconf 90' lang='lat' dir='ltr'>Sup.</span> <span class='ocrx_word' id='word_1_122' title='bbox 815 1952 998 2005; x_wconf 86' lang='lat' dir='ltr'>Diana</span> <span class='ocrx_word' id='word_1_123' title='bbox 1009 1950 1148 2005; x_wconf 82' lang='lat' dir='ltr'>Tau-</span> 
     </span>
     <span class='ocr_line' id='line_1_21' title="bbox 166 2023 1143 2085; baseline 0.002 -9"><span class='ocrx_word' id='word_1_124' title='bbox 166 2024 290 2085; x_wconf 79' lang='lat' dir='ltr'>rica,</span> <span class='ocrx_word' id='word_1_125' title='bbox 326 2025 419 2080; x_wconf 85' lang='lat' dir='ltr'>vel</span> <span class='ocrx_word' id='word_1_126' title='bbox 434 2038 617 2081; x_wconf 83' lang='lat' dir='ltr'>mater</span> <span class='ocrx_word' id='word_1_127' title='bbox 649 2026 801 2081; x_wconf 74' lang='lat' dir='ltr'>idea.</span> <span class='ocrx_word' id='word_1_128' title='bbox 843 2024 1028 2080; x_wconf 81' lang='lat' dir='ltr'>Livius</span> <span class='ocrx_word' id='word_1_129' title='bbox 1046 2023 1143 2080; x_wconf 81' lang='lat' dir='ltr'>lib.</span> 
     </span>
     <span class='ocr_line' id='line_1_22' title="bbox 171 2098 1147 2173; baseline 0.002 -22"><span class='ocrx_word' id='word_1_130' title='bbox 171 2107 226 2168; x_wconf 61' lang='lat'>36</span> <span class='ocrx_word' id='word_1_131' title='bbox 235 2137 249 2152; x_wconf 87' lang='lat'><strong>.</strong></span> <span class='ocrx_word' id='word_1_132' title='bbox 260 2098 359 2156; x_wconf 77' lang='lat' dir='ltr'>rol·</span> <span class='ocrx_word' id='word_1_133' title='bbox 384 2119 411 2166; x_wconf 84' lang='grc'>9</span> <span class='ocrx_word' id='word_1_134' title='bbox 423 2119 444 2173; x_wconf 80' lang='lat'><em>3</em></span> <span class='ocrx_word' id='word_1_135' title='bbox 456 2113 509 2158; x_wconf 86' lang='lat'>6.</span> <span class='ocrx_word' id='word_1_136' title='bbox 551 2102 722 2156; x_wconf 86' lang='lat' dir='ltr'>AEdes</span> <span class='ocrx_word' id='word_1_137' title='bbox 734 2103 923 2156; x_wconf 81' lang='lat' dir='ltr'>matris</span> <span class='ocrx_word' id='word_1_138' title='bbox 937 2100 1147 2173; x_wconf 80' lang='lat' dir='ltr'>Magne</span> 
     </span>
     <span class='ocr_line' id='line_1_23' title="bbox 170 2172 1143 2248; baseline 0.005 -22"><span class='ocrx_word' id='word_1_139' title='bbox 170 2172 281 2228; x_wconf 73' lang='lat' dir='ltr'>Idu</span> <span class='ocrx_word' id='word_1_140' title='bbox 291 2177 475 2233; x_wconf 89' lang='lat' dir='ltr'>Cicero</span> <span class='ocrx_word' id='word_1_141' title='bbox 488 2175 556 2234; x_wconf 89' lang='lat' dir='ltr'>de</span> <span class='ocrx_word' id='word_1_142' title='bbox 574 2174 906 2248; x_wconf 85' lang='lat' dir='ltr'>Aruspicum</span> <span class='ocrx_word' id='word_1_143' title='bbox 925 2172 1143 2247; x_wconf 81' lang='lat' dir='ltr'>respon-</span> 
     </span>
     <span class='ocr_line' id='line_1_24' title="bbox 167 2243 1140 2327; baseline 0.003 -23"><span class='ocrx_word' id='word_1_144' title='bbox 167 2243 224 2304; x_wconf 77' lang='lat' dir='ltr'>fis</span> <span class='ocrx_word' id='word_1_145' title='bbox 239 2245 396 2321; x_wconf 82' lang='lat' dir='ltr'>fol.43</span> <span class='ocrx_word' id='word_1_146' title='bbox 413 2273 462 2309; x_wconf 86' lang='lat'>2.</span> <span class='ocrx_word' id='word_1_147' title='bbox 503 2266 673 2327; x_wconf 84' lang='lat' dir='ltr'>atque</span> <span class='ocrx_word' id='word_1_148' title='bbox 682 2253 780 2308; x_wconf 76' lang='lat' dir='ltr'>ille</span> <span class='ocrx_word' id='word_1_149' title='bbox 792 2253 979 2309; x_wconf 81' lang='lat' dir='ltr'>Mater</span> <span class='ocrx_word' id='word_1_150' title='bbox 988 2251 1140 2307; x_wconf 80' lang='lat' dir='ltr'>Idea.</span> 
     </span>
     <span class='ocr_line' id='line_1_25' title="bbox 173 2323 1149 2400; baseline 0.002 -20"><span class='ocrx_word' id='word_1_151' title='bbox 173 2325 308 2382; x_wconf 87' lang='lat' dir='ltr'>Orat.</span> <span class='ocrx_word' id='word_1_152' title='bbox 340 2345 424 2385; x_wconf 88' lang='lat'>10.</span> <span class='ocrx_word' id='word_1_153' title='bbox 459 2330 521 2386; x_wconf 85' lang='lat' dir='ltr'>in</span> <span class='ocrx_word' id='word_1_154' title='bbox 552 2332 787 2387; x_wconf 82' lang='lat' dir='ltr'>Verrem</span> <span class='ocrx_word' id='word_1_155' title='bbox 817 2355 832 2395; x_wconf 82' lang='lat'>3</span> <span class='ocrx_word' id='word_1_156' title='bbox 884 2328 987 2383; x_wconf 87' lang='lat' dir='ltr'>Illa</span> <span class='ocrx_word' id='word_1_157' title='bbox 1010 2323 1149 2400; x_wconf 82' lang='lat' dir='ltr'>son-</span> 
     </span>
     <span class='ocr_line' id='line_1_26' title="bbox 172 2396 1150 2473; baseline -0.001 -15"><span class='ocrx_word' id='word_1_158' title='bbox 172 2396 355 2473; x_wconf 67' lang='lat' dir='ltr'>Hiffima</span> <span class='ocrx_word' id='word_1_159' title='bbox 379 2419 548 2464; x_wconf 81' lang='lat' dir='ltr'>mater</span> <span class='ocrx_word' id='word_1_160' title='bbox 571 2407 736 2460; x_wconf 83' lang='lat' dir='ltr'>Idea.</span> <span class='ocrx_word' id='word_1_161' title='bbox 772 2403 946 2472; x_wconf 82' lang='lat' dir='ltr'>Julius</span> <span class='ocrx_word' id='word_1_162' title='bbox 978 2399 1150 2459; x_wconf 78' lang='lat' dir='ltr'>Obse-</span> 
     </span>
     <span class='ocr_line' id='line_1_27' title="bbox 172 2478 1150 2555; baseline 0.001 -24"><span class='ocrx_word' id='word_1_163' title='bbox 172 2493 313 2551; x_wconf 78' lang='lat' dir='ltr'>quens</span> <span class='ocrx_word' id='word_1_164' title='bbox 373 2478 436 2536; x_wconf 74' lang='lat' dir='ltr'>de</span> <span class='ocrx_word' id='word_1_165' title='bbox 504 2478 783 2555; x_wconf 82' lang='lat' dir='ltr'>prodigiis</span> <span class='ocrx_word' id='word_1_166' title='bbox 840 2497 958 2555; x_wconf 83' lang='lat' dir='ltr'>cap.</span> <span class='ocrx_word' id='word_1_167' title='bbox 1019 2496 1150 2548; x_wconf 62' lang='lat'>104.</span> 
     </span>
    </p>
   </div>
   <div class='ocr_carea' id='block_1_5' title="bbox 1958 787 2214 841">
    <p class='ocr_par' dir='ltr' id='par_1_8' title="bbox 1958 787 2214 841">
     <span class='ocr_line' id='line_1_28' title="bbox 1958 787 2214 841; baseline 0.016 -4"><span class='ocrx_word' id='word_1_168' title='bbox 1958 787 2214 841; x_wconf 70' lang='lat' dir='ltr'>matro-</span> 
     </span>
    </p>
   </div>
   <div class='ocr_carea' id='block_1_6' title="bbox 1203 883 2214 1715">
    <p class='ocr_par' dir='ltr' id='par_1_9' title="bbox 1203 883 2214 1715">
     <span class='ocr_line' id='line_1_29' title="bbox 1203 883 2205 961; baseline 0.001 -17"><span class='ocrx_word' id='word_1_169' title='bbox 1203 884 1423 945; x_wconf 84' lang='lat' dir='ltr'>nounifi</span> <span class='ocrx_word' id='word_1_170' title='bbox 1478 883 1823 952; x_wconf 80' lang='lat' dir='ltr'>simulacrum</span> <span class='ocrx_word' id='word_1_171' title='bbox 1858 886 2084 961; x_wconf 79' lang='lat' dir='ltr'>aliquod</span> <span class='ocrx_word' id='word_1_172' title='bbox 2123 908 2205 945; x_wconf 82' lang='lat' dir='ltr'>re-</span> 
     </span>
     <span class='ocr_line' id='line_1_30' title="bbox 1203 960 2210 1036; baseline 0 -16"><span class='ocrx_word' id='word_1_173' title='bbox 1203 960 1484 1020; x_wconf 78' lang='lat' dir='ltr'>manserit.</span> <span class='ocrx_word' id='word_1_174' title='bbox 1567 961 1678 1018; x_wconf 77' lang='lat' dir='ltr'>Alii</span> <span class='ocrx_word' id='word_1_175' title='bbox 1703 964 1868 1036; x_wconf 81' lang='lat' dir='ltr'>igitur</span> <span class='ocrx_word' id='word_1_176' title='bbox 1891 962 2170 1020; x_wconf 83' lang='lat' dir='ltr'>ediderant</span> <span class='ocrx_word' id='word_1_177' title='bbox 2188 999 2210 1028; x_wconf 86' lang='lat'>‚</span> 
     </span>
     <span class='ocr_line' id='line_1_31' title="bbox 1203 1036 2209 1102; baseline 0.002 -8"><span class='ocrx_word' id='word_1_178' title='bbox 1203 1041 1388 1096; x_wconf 82' lang='lat' dir='ltr'>Mater</span> <span class='ocrx_word' id='word_1_179' title='bbox 1411 1038 1612 1102; x_wconf 62' lang='lat' dir='ltr'>Dedin,</span> <span class='ocrx_word' id='word_1_180' title='bbox 1654 1039 1809 1095; x_wconf 74' lang='lat' dir='ltr'>fulv.</span> <span class='ocrx_word' id='word_1_181' title='bbox 1836 1036 2060 1097; x_wconf 78' lang='lat' dir='ltr'>Ursinus</span> <span class='ocrx_word' id='word_1_182' title='bbox 2075 1042 2209 1096; x_wconf 86' lang='lat' dir='ltr'>Ma·</span> 
     </span>
     <span class='ocr_line' id='line_1_32' title="bbox 1203 1111 2202 1192; baseline 0.002 -22"><span class='ocrx_word' id='word_1_183' title='bbox 1203 1127 1284 1170; x_wconf 86' lang='lat' dir='ltr'>ter</span> <span class='ocrx_word' id='word_1_184' title='bbox 1301 1119 1451 1176; x_wconf 87' lang='lat' dir='ltr'>Dea,</span> <span class='ocrx_word' id='word_1_185' title='bbox 1494 1111 1583 1170; x_wconf 87' lang='lat' dir='ltr'>sed</span> <span class='ocrx_word' id='word_1_186' title='bbox 1603 1112 1808 1186; x_wconf 69' lang='lat' dir='ltr'>adjeista</span> <span class='ocrx_word' id='word_1_187' title='bbox 1830 1115 2053 1180; x_wconf 79' lang='lat' dir='ltr'>notula,</span> <span class='ocrx_word' id='word_1_188' title='bbox 2091 1135 2202 1192; x_wconf 81' lang='lat' dir='ltr'>qua</span> 
     </span>
     <span class='ocr_line' id='line_1_33' title="bbox 1205 1189 2211 1268; baseline 0.004 -24"><span class='ocrx_word' id='word_1_189' title='bbox 1205 1191 1393 1246; x_wconf 82' lang='lat' dir='ltr'>Mater</span> <span class='ocrx_word' id='word_1_190' title='bbox 1418 1191 1549 1245; x_wconf 83' lang='lat' dir='ltr'>Idaea</span> <span class='ocrx_word' id='word_1_191' title='bbox 1571 1189 1781 1245; x_wconf 86' lang='lat' dir='ltr'>volebat</span> <span class='ocrx_word' id='word_1_192' title='bbox 1804 1189 1945 1268; x_wconf 86' lang='lat' dir='ltr'>legi,</span> <span class='ocrx_word' id='word_1_193' title='bbox 1999 1192 2211 1249; x_wconf 84' lang='lat' dir='ltr'>Cicero-</span> 
     </span>
     <span class='ocr_line' id='line_1_34' title="bbox 1207 1263 2210 1340; baseline 0.003 -19"><span class='ocrx_word' id='word_1_194' title='bbox 1207 1284 1275 1320; x_wconf 88' lang='lat' dir='ltr'>ne</span> <span class='ocrx_word' id='word_1_195' title='bbox 1312 1264 1535 1321; x_wconf 70' lang='lat' dir='ltr'>austore</span> <span class='ocrx_word' id='word_1_196' title='bbox 1565 1263 1661 1320; x_wconf 89' lang='lat' dir='ltr'>lib.</span> <span class='ocrx_word' id='word_1_197' title='bbox 1691 1263 1758 1319; x_wconf 88' lang='lat' dir='ltr'>de</span> <span class='ocrx_word' id='word_1_198' title='bbox 1790 1264 2094 1340; x_wconf 81' lang='lat' dir='ltr'>aruspicum</span> <span class='ocrx_word' id='word_1_199' title='bbox 2125 1287 2210 1324; x_wconf 87' lang='lat' dir='ltr'>re-</span> 
     </span>
     <span class='ocr_line' id='line_1_35' title="bbox 1207 1337 2208 1415; baseline 0.006 -19"><span class='ocrx_word' id='word_1_200' title='bbox 1207 1337 1412 1415; x_wconf 71' lang='lat' dir='ltr'>sponsis</span> <span class='ocrx_word' id='word_1_201' title='bbox 1439 1366 1458 1407; x_wconf 66' lang='grc' dir='ltr'>ς,</span> <span class='ocrx_word' id='word_1_202' title='bbox 1505 1344 1686 1414; x_wconf 82' lang='lat' dir='ltr'>Atque</span> <span class='ocrx_word' id='word_1_203' title='bbox 1720 1342 1821 1396; x_wconf 88' lang='lat' dir='ltr'>illa</span> <span class='ocrx_word' id='word_1_204' title='bbox 1852 1354 2022 1398; x_wconf 85' lang='lat' dir='ltr'>mater</span> <span class='ocrx_word' id='word_1_205' title='bbox 2049 1346 2208 1402; x_wconf 73' lang='lat' dir='ltr'>Idea.</span> 
     </span>
     <span class='ocr_line' id='line_1_36' title="bbox 1209 1414 2212 1491; baseline 0.006 -20"><span class='ocrx_word' id='word_1_206' title='bbox 1209 1414 1309 1471; x_wconf 86' lang='lat' dir='ltr'>Sed</span> <span class='ocrx_word' id='word_1_207' title='bbox 1337 1422 1392 1472; x_wconf 86' lang='lat'>&amp;</span> <span class='ocrx_word' id='word_1_208' title='bbox 1422 1415 1527 1473; x_wconf 82' lang='lat' dir='ltr'>alia</span> <span class='ocrx_word' id='word_1_209' title='bbox 1560 1429 1809 1491; x_wconf 75' lang='lat' dir='ltr'>puterant</span> <span class='ocrx_word' id='word_1_210' title='bbox 1846 1416 2024 1491; x_wconf 80' lang='lat' dir='ltr'>adjici.</span> <span class='ocrx_word' id='word_1_211' title='bbox 2104 1423 2212 1476; x_wconf 86' lang='lat' dir='ltr'>La-</span> 
     </span>
     <span class='ocr_line' id='line_1_37' title="bbox 1212 1491 2210 1569; baseline 0.006 -22"><span class='ocrx_word' id='word_1_212' title='bbox 1212 1491 1445 1548; x_wconf 68' lang='lat' dir='ltr'>&amp;antius</span> <span class='ocrx_word' id='word_1_213' title='bbox 1496 1492 1663 1569; x_wconf 87' lang='lat' dir='ltr'>igitur</span> <span class='ocrx_word' id='word_1_214' title='bbox 1701 1492 1798 1549; x_wconf 83' lang='lat' dir='ltr'>lib.</span> <span class='ocrx_word' id='word_1_215' title='bbox 1844 1512 1899 1546; x_wconf 87' lang='lat'>2.</span> <span class='ocrx_word' id='word_1_216' title='bbox 1977 1493 2210 1552; x_wconf 74' lang='lat' dir='ltr'>Claudia</span> 
     </span>
     <span class='ocr_line' id='line_1_38' title="bbox 1208 1570 2212 1644; baseline 0.004 -21"><span class='ocrx_word' id='word_1_217' title='bbox 1208 1586 1405 1641; x_wconf 82' lang='lat' dir='ltr'>quoque</span> <span class='ocrx_word' id='word_1_218' title='bbox 1450 1570 1760 1643; x_wconf 79' lang='lat' dir='ltr'>proponitur</span> <span class='ocrx_word' id='word_1_219' title='bbox 1810 1570 1868 1623; x_wconf 85' lang='lat' dir='ltr'>in</span> <span class='ocrx_word' id='word_1_220' title='bbox 1930 1573 2212 1644; x_wconf 78' lang='lat' dir='ltr'>exemplum</span> 
     </span>
     <span class='ocr_line' id='line_1_39' title="bbox 1210 1644 2214 1715; baseline 0.004 -16"><span class='ocrx_word' id='word_1_221' title='bbox 1210 1644 1473 1700; x_wconf 81' lang='lat' dir='ltr'>miraculi.</span> <span class='ocrx_word' id='word_1_222' title='bbox 1514 1645 1656 1699; x_wconf 80' lang='lat' dir='ltr'>Nam</span> <span class='ocrx_word' id='word_1_223' title='bbox 1683 1660 1837 1715; x_wconf 84' lang='lat' dir='ltr'>quum</span> <span class='ocrx_word' id='word_1_224' title='bbox 1866 1663 1932 1700; x_wconf 79' lang='lat' dir='ltr'>ex</span> <span class='ocrx_word' id='word_1_225' title='bbox 1953 1646 2109 1703; x_wconf 85' lang='lat' dir='ltr'>libris</span> <span class='ocrx_word' id='word_1_226' title='bbox 2122 1649 2214 1703; x_wconf 84' lang='lat' dir='ltr'>Si-</span> 
     </span>
    </p>
   </div>
   <div class='ocr_carea' id='block_1_7' title="bbox 1190 1717 2211 1792">
    <p class='ocr_par' dir='ltr' id='par_1_10' title="bbox 1190 1717 2211 1792">
     <span class='ocr_line' id='line_1_40' title="bbox 1190 1717 2211 1792; baseline 0.008 -20"><span class='ocrx_word' id='word_1_227' title='bbox 1190 1720 1424 1792; x_wconf 75' lang='lat' dir='ltr'>‚byllinis</span> <span class='ocrx_word' id='word_1_228' title='bbox 1469 1720 1602 1774; x_wconf 81' lang='lat' dir='ltr'>Idea</span> <span class='ocrx_word' id='word_1_229' title='bbox 1640 1732 1813 1775; x_wconf 86' lang='lat' dir='ltr'>mater</span> <span class='ocrx_word' id='word_1_230' title='bbox 1848 1717 1966 1792; x_wconf 84' lang='lat' dir='ltr'>effet</span> <span class='ocrx_word' id='word_1_231' title='bbox 2006 1727 2173 1780; x_wconf 82' lang='lat' dir='ltr'>accita</span> <span class='ocrx_word' id='word_1_232' title='bbox 2189 1755 2211 1788; x_wconf 79' lang='lat'><strong>,</strong></span> 
     </span>
    </p>
   </div>
   <div class='ocr_carea' id='block_1_8' title="bbox 1209 1790 2220 2464">
    <p class='ocr_par' dir='ltr' id='par_1_11' title="bbox 1209 1790 2220 2464">
     <span class='ocr_line' id='line_1_41' title="bbox 1209 1790 2214 1927; baseline 0.008 -77"><span class='ocrx_word' id='word_1_233' title='bbox 1209 1797 1322 1927; x_wconf 54' lang='grc' dir='ltr'>ἷζε.</span> <span class='ocrx_word' id='word_1_234' title='bbox 1405 1790 1661 1870; x_wconf 82' lang='lat' dir='ltr'>Appofite</span> <span class='ocrx_word' id='word_1_235' title='bbox 1720 1813 1940 1871; x_wconf 83' lang='lat' dir='ltr'>quoque</span> <span class='ocrx_word' id='word_1_236' title='bbox 1998 1800 2214 1858; x_wconf 70' lang='lat' dir='ltr'>Lucret-</span> 
     </span>
     <span class='ocr_line' id='line_1_42' title="bbox 1233 1891 1386 1927; baseline 0.013 -2"><span class='ocrx_word' id='word_1_237' title='bbox 1233 1891 1249 1925; x_wconf 83' lang='lat'>1</span> <span class='ocrx_word' id='word_1_238' title='bbox 1298 1908 1312 1925; x_wconf 76' lang='grc' dir='ltr'><strong><em>ο</em></strong></span> <span class='ocrx_word' id='word_1_239' title='bbox 1331 1892 1386 1927; x_wconf 84' lang='lat'>2.</span> 
     </span>
     <span class='ocr_line' id='line_1_43' title="bbox 1292 1944 2217 2023; baseline 0.008 -22"><span class='ocrx_word' id='word_1_240' title='bbox 1292 1947 1549 2022; x_wconf 74' lang='lat' dir='ltr'>Horrifi&#39;ce</span> <span class='ocrx_word' id='word_1_241' title='bbox 1567 1944 1752 2023; x_wconf 84' lang='lat' dir='ltr'>fertur</span> <span class='ocrx_word' id='word_1_242' title='bbox 1777 1950 1972 2006; x_wconf 78' lang='lat' dir='ltr'>divine</span> <span class='ocrx_word' id='word_1_243' title='bbox 2005 1952 2217 2008; x_wconf 83' lang='lat' dir='ltr'>Matris</span> 
     </span>
     <span class='ocr_line' id='line_1_44' title="bbox 1381 2025 1572 2097; baseline 0.01 -20"><span class='ocrx_word' id='word_1_244' title='bbox 1381 2025 1572 2097; x_wconf 79' lang='lat' dir='ltr'>imago.</span> 
     </span>
     <span class='ocr_line' id='line_1_45' title="bbox 1291 2098 2218 2175; baseline 0.008 -21"><span class='ocrx_word' id='word_1_245' title='bbox 1291 2098 1444 2155; x_wconf 81' lang='lat' dir='ltr'>Hanc</span> <span class='ocrx_word' id='word_1_246' title='bbox 1457 2101 1626 2154; x_wconf 79' lang='lat' dir='ltr'>varie</span> <span class='ocrx_word' id='word_1_247' title='bbox 1639 2112 1818 2174; x_wconf 82' lang='lat' dir='ltr'>gentes</span> <span class='ocrx_word' id='word_1_248' title='bbox 1835 2103 2052 2175; x_wconf 81' lang='lat' dir='ltr'>antiquo</span> <span class='ocrx_word' id='word_1_249' title='bbox 2075 2121 2218 2161; x_wconf 81' lang='lat' dir='ltr'>more</span> 
     </span>
     <span class='ocr_line' id='line_1_46' title="bbox 1366 2172 1643 2248; baseline 0.014 -20"><span class='ocrx_word' id='word_1_250' title='bbox 1366 2172 1643 2248; x_wconf 71' lang='lat' dir='ltr'>sacrorum</span> 
     </span>
     <span class='ocr_line' id='line_1_47' title="bbox 1290 2248 2220 2333; baseline 0.011 -28"><span class='ocrx_word' id='word_1_251' title='bbox 1290 2248 1474 2306; x_wconf 80' lang='lat' dir='ltr'>Idaeam</span> <span class='ocrx_word' id='word_1_252' title='bbox 1499 2253 1740 2310; x_wconf 82' lang='lat' dir='ltr'>vocitant</span> <span class='ocrx_word' id='word_1_253' title='bbox 1752 2266 1970 2311; x_wconf 85' lang='lat' dir='ltr'>matrem</span> <span class='ocrx_word' id='word_1_254' title='bbox 1986 2293 2004 2321; x_wconf 89' lang='lat'>,</span> <span class='ocrx_word' id='word_1_255' title='bbox 2045 2254 2220 2333; x_wconf 64' lang='lat' dir='ltr'>Pbry-</span> 
     </span>
     <span class='ocr_line' id='line_1_48' title="bbox 1369 2324 1855 2400; baseline 0.002 -17"><span class='ocrx_word' id='word_1_256' title='bbox 1369 2324 1592 2400; x_wconf 86' lang='lat' dir='ltr'>giasque</span> <span class='ocrx_word' id='word_1_257' title='bbox 1615 2341 1855 2384; x_wconf 80' lang='lat' dir='ltr'>catervas</span> 
     </span>
     <span class='ocr_line' id='line_1_49' title="bbox 1296 2403 1965 2464; baseline 0.009 -6"><span class='ocrx_word' id='word_1_258' title='bbox 1296 2403 1452 2458; x_wconf 82' lang='lat' dir='ltr'>Dant</span> <span class='ocrx_word' id='word_1_259' title='bbox 1477 2406 1698 2460; x_wconf 83' lang='lat' dir='ltr'>comites.</span> <span class='ocrx_word' id='word_1_260' title='bbox 1739 2404 1965 2464; x_wconf 77' lang='lat' dir='ltr'>Hetald.</span> 
     </span>
    </p>
   </div>
   <div class='ocr_carea' id='block_1_9' title="bbox 1300 2479 2214 2560">
    <p class='ocr_par' dir='ltr' id='par_1_12' title="bbox 1300 2479 2214 2560">
     <span class='ocr_line' id='line_1_50' title="bbox 1300 2479 2214 2560; baseline 0.012 -29"><span class='ocrx_word' id='word_1_261' title='bbox 1300 2493 1324 2531; x_wconf 89' lang='lat'>1</span> <span class='ocrx_word' id='word_1_262' title='bbox 1369 2479 1629 2535; x_wconf 85' lang='lat' dir='ltr'>Probavit</span> <span class='ocrx_word' id='word_1_263' title='bbox 1643 2482 2214 2560; x_wconf 78' lang='lat' dir='ltr'>matronaecastitatem}</span> 
     </span>
    </p>
   </div>
   <div class='ocr_carea' id='block_1_10' title="bbox 172 2552 2218 2633">
    <p class='ocr_par' dir='ltr' id='par_1_13' title="bbox 172 2552 2218 2633">
     <span class='ocr_line' id='line_1_51' title="bbox 172 2552 2218 2633; baseline 0.005 -27"><span class='ocrx_word' id='word_1_264' title='bbox 172 2553 339 2609; x_wconf 79' lang='lat' dir='ltr'>Servus</span> <span class='ocrx_word' id='word_1_265' title='bbox 367 2561 552 2614; x_wconf 83' lang='lat' dir='ltr'>matris</span> <span class='ocrx_word' id='word_1_266' title='bbox 578 2557 750 2611; x_wconf 76' lang='lat' dir='ltr'><em>Idaeae.</em></span> <span class='ocrx_word' id='word_1_267' title='bbox 789 2556 950 2633; x_wconf 85' lang='lat' dir='ltr'>Virg.</span> <span class='ocrx_word' id='word_1_268' title='bbox 984 2552 1024 2609; x_wconf 90' lang='lat' dir='ltr'>l.</span> <span class='ocrx_word' id='word_1_269' title='bbox 1063 2570 1149 2609; x_wconf 87' lang='lat'>10.</span> <span class='ocrx_word' id='word_1_270' title='bbox 1220 2553 1298 2606; x_wconf 87' lang='grc' dir='ltr'>Ι).</span> <span class='ocrx_word' id='word_1_271' title='bbox 1329 2553 1564 2609; x_wconf 85' lang='lat' dir='ltr'>Hieron.</span> <span class='ocrx_word' id='word_1_272' title='bbox 1600 2554 1700 2611; x_wconf 83' lang='lat' dir='ltr'>lib.</span> <span class='ocrx_word' id='word_1_273' title='bbox 1736 2575 1788 2611; x_wconf 88' lang='lat'>1.</span> <span class='ocrx_word' id='word_1_274' title='bbox 1822 2576 2008 2614; x_wconf 85' lang='lat' dir='ltr'>contra</span> <span class='ocrx_word' id='word_1_275' title='bbox 2030 2561 2218 2627; x_wconf 79' lang='lat' dir='ltr'>Jovin.</span> 
     </span>
    </p>
   </div>
   <div class='ocr_carea' id='block_1_11' title="bbox 171 2629 969 2783">
    <p class='ocr_par' dir='ltr' id='par_1_14' title="bbox 171 2629 969 2783">
     <span class='ocr_line' id='line_1_52' title="bbox 171 2629 760 2709; baseline 0.008 -26"><span class='ocrx_word' id='word_1_276' title='bbox 171 2629 365 2686; x_wconf 76' lang='lat' dir='ltr'>AEneid.</span> <span class='ocrx_word' id='word_1_277' title='bbox 386 2629 477 2688; x_wconf 83' lang='lat' dir='ltr'>fol.</span> <span class='ocrx_word' id='word_1_278' title='bbox 515 2640 651 2709; x_wconf 82' lang='lat'>587.</span> <span class='ocrx_word' id='word_1_279' title='bbox 753 2697 760 2699; x_wconf 10' lang='grc' dir='ltr'>μ</span> 
     </span>
     <span class='ocr_line' id='line_1_53' title="bbox 237 2700 969 2783; baseline 0.001 -23"><span class='ocrx_word' id='word_1_280' title='bbox 237 2707 387 2763; x_wconf 83' lang='lat' dir='ltr'>Alma</span> <span class='ocrx_word' id='word_1_281' title='bbox 402 2723 594 2783; x_wconf 83' lang='lat' dir='ltr'>parens</span> <span class='ocrx_word' id='word_1_282' title='bbox 622 2709 754 2763; x_wconf 78' lang='lat' dir='ltr'><em>ldaea</em></span> <span class='ocrx_word' id='word_1_283' title='bbox 781 2700 969 2763; x_wconf 68' lang='lat' dir='ltr'>Dedin.</span> 
     </span>
    </p>
   </div>
   <div class='ocr_carea' id='block_1_12' title="bbox 1219 2628 2221 2709">
    <p class='ocr_par' dir='ltr' id='par_1_15' title="bbox 1219 2628 2221 2709">
     <span class='ocr_line' id='line_1_54' title="bbox 1219 2628 2221 2709; baseline 0.007 -26"><span class='ocrx_word' id='word_1_284' title='bbox 1219 2628 1448 2684; x_wconf 80' lang='lat' dir='ltr'>Claudia</span> <span class='ocrx_word' id='word_1_285' title='bbox 1484 2634 1636 2703; x_wconf 77' lang='lat' dir='ltr'>virgo</span> <span class='ocrx_word' id='word_1_286' title='bbox 1664 2629 1879 2703; x_wconf 76' lang='lat' dir='ltr'>Vestalis</span> <span class='ocrx_word' id='word_1_287' title='bbox 1903 2653 2010 2689; x_wconf 79' lang='lat' dir='ltr'>cum</span> <span class='ocrx_word' id='word_1_288' title='bbox 2043 2640 2100 2691; x_wconf 85' lang='lat' dir='ltr'>in</span> <span class='ocrx_word' id='word_1_289' title='bbox 2117 2633 2221 2709; x_wconf 75' lang='lat' dir='ltr'>sia·</span> 
     </span>
    </p>
   </div>
   <div class='ocr_carea' id='block_1_13' title="bbox 1205 2700 2215 2784">
    <p class='ocr_par' dir='ltr' id='par_1_16' title="bbox 1205 2700 2215 2784">
     <span class='ocr_line' id='line_1_55' title="bbox 1205 2700 2215 2784; baseline 0.007 -26"><span class='ocrx_word' id='word_1_290' title='bbox 1205 2700 1489 2778; x_wconf 76' lang='lat' dir='ltr'>spicionem</span> <span class='ocrx_word' id='word_1_291' title='bbox 1520 2703 1734 2779; x_wconf 72' lang='lat' dir='ltr'>veniffit</span> <span class='ocrx_word' id='word_1_292' title='bbox 1739 2705 1918 2779; x_wconf 87' lang='lat' dir='ltr'>stupri</span> <span class='ocrx_word' id='word_1_293' title='bbox 1934 2745 1950 2772; x_wconf 92' lang='lat'>‚</span> <span class='ocrx_word' id='word_1_294' title='bbox 1983 2710 2215 2784; x_wconf 78' lang='lat' dir='ltr'>&amp;fimu-</span> 
     </span>
    </p>
   </div>
   <div class='ocr_carea' id='block_1_14' title="bbox 172 2781 2225 3084">
    <p class='ocr_par' dir='ltr' id='par_1_17' title="bbox 172 2781 2225 3084">
     <span class='ocr_line' id='line_1_56' title="bbox 177 2781 2222 2865; baseline 0.004 -29"><span class='ocrx_word' id='word_1_295' title='bbox 177 2781 233 2836; x_wconf 79' lang='lat' dir='ltr'>Et</span> <span class='ocrx_word' id='word_1_296' title='bbox 252 2781 338 2837; x_wconf 86' lang='lat' dir='ltr'>lib.</span> <span class='ocrx_word' id='word_1_297' title='bbox 366 2805 415 2851; x_wconf 83' lang='lat'>9.</span> <span class='ocrx_word' id='word_1_298' title='bbox 442 2804 575 2865; x_wconf 84' lang='lat' dir='ltr'>pag.</span> <span class='ocrx_word' id='word_1_299' title='bbox 620 2795 742 2858; x_wconf 83' lang='lat'>562.</span> <span class='ocrx_word' id='word_1_300' title='bbox 784 2784 973 2837; x_wconf 86' lang='lat' dir='ltr'>Mater</span> <span class='ocrx_word' id='word_1_301' title='bbox 993 2782 1151 2837; x_wconf 65' lang='lat' dir='ltr'>Idea.</span> <span class='ocrx_word' id='word_1_302' title='bbox 1220 2781 1420 2836; x_wconf 83' lang='lat' dir='ltr'>lacrum</span> <span class='ocrx_word' id='word_1_303' title='bbox 1451 2784 1641 2835; x_wconf 86' lang='lat' dir='ltr'>matris</span> <span class='ocrx_word' id='word_1_304' title='bbox 1662 2783 1793 2837; x_wconf 83' lang='lat' dir='ltr'>Idaeae</span> <span class='ocrx_word' id='word_1_305' title='bbox 1818 2785 1874 2837; x_wconf 88' lang='lat' dir='ltr'>in</span> <span class='ocrx_word' id='word_1_306' title='bbox 1902 2787 2045 2842; x_wconf 87' lang='lat' dir='ltr'>vado</span> <span class='ocrx_word' id='word_1_307' title='bbox 2072 2789 2222 2844; x_wconf 81' lang='lat' dir='ltr'>Tibe-</span> 
     </span>
     <span class='ocr_line' id='line_1_57' title="bbox 175 2855 2222 2935; baseline 0.003 -24"><span class='ocrx_word' id='word_1_308' title='bbox 175 2856 379 2915; x_wconf 87' lang='lat' dir='ltr'>Hieron.</span> <span class='ocrx_word' id='word_1_309' title='bbox 408 2860 502 2917; x_wconf 73' lang='lat' dir='ltr'>ms.</span> <span class='ocrx_word' id='word_1_310' title='bbox 538 2880 561 2917; x_wconf 89' lang='lat'>1</span> <span class='ocrx_word' id='word_1_311' title='bbox 577 2901 590 2915; x_wconf 92' lang='lat'><strong>.</strong></span> <span class='ocrx_word' id='word_1_312' title='bbox 639 2857 887 2914; x_wconf 75' lang='lat' dir='ltr'>adversus</span> <span class='ocrx_word' id='word_1_313' title='bbox 907 2857 1155 2925; x_wconf 76' lang='lat' dir='ltr'>jovinia-</span> <span class='ocrx_word' id='word_1_314' title='bbox 1223 2858 1299 2911; x_wconf 83' lang='lat' dir='ltr'>ris</span> <span class='ocrx_word' id='word_1_315' title='bbox 1321 2856 1532 2914; x_wconf 72' lang='lat' dir='ltr'>hereret</span> <span class='ocrx_word' id='word_1_316' title='bbox 1551 2893 1568 2920; x_wconf 88' lang='lat'>‚</span> <span class='ocrx_word' id='word_1_317' title='bbox 1592 2855 1781 2931; x_wconf 80' lang='lat' dir='ltr'>fertur</span> <span class='ocrx_word' id='word_1_318' title='bbox 1800 2862 1878 2914; x_wconf 84' lang='lat' dir='ltr'>ad</span> <span class='ocrx_word' id='word_1_319' title='bbox 1892 2863 2222 2935; x_wconf 76' lang='lat' dir='ltr'>comproban-</span> 
     </span>
     <span class='ocr_line' id='line_1_58' title="bbox 176 2930 2225 3008; baseline 0.004 -21"><span class='ocrx_word' id='word_1_320' title='bbox 176 2951 289 2988; x_wconf 83' lang='lat' dir='ltr'>num</span> <span class='ocrx_word' id='word_1_321' title='bbox 310 2954 356 2991; x_wconf 90' lang='lat' dir='ltr'>c.</span> <span class='ocrx_word' id='word_1_322' title='bbox 381 2948 467 2994; x_wconf 84' lang='lat'>26.</span> <span class='ocrx_word' id='word_1_323' title='bbox 521 2935 911 2992; x_wconf 66' lang='lat' dir='ltr'>Simulus-hrum</span> <span class='ocrx_word' id='word_1_324' title='bbox 950 2934 1155 2987; x_wconf 87' lang='lat' dir='ltr'>Matris</span> <span class='ocrx_word' id='word_1_325' title='bbox 1220 2934 1341 2986; x_wconf 85' lang='lat' dir='ltr'>dam</span> <span class='ocrx_word' id='word_1_326' title='bbox 1362 2934 1663 3005; x_wconf 83' lang='lat' dir='ltr'>pudicitiam</span> <span class='ocrx_word' id='word_1_327' title='bbox 1674 2930 1834 3008; x_wconf 71' lang='lat' dir='ltr'>fitam</span> <span class='ocrx_word' id='word_1_328' title='bbox 1850 2971 1867 2998; x_wconf 92' lang='lat'>‚</span> <span class='ocrx_word' id='word_1_329' title='bbox 1907 2939 2106 3005; x_wconf 76' lang='lat' dir='ltr'>cingulo</span> <span class='ocrx_word' id='word_1_330' title='bbox 2123 2943 2225 2996; x_wconf 85' lang='lat' dir='ltr'>du-</span> 
     </span>
     <span class='ocr_line' id='line_1_59' title="bbox 172 3000 2222 3084; baseline 0.005 -23"><span class='ocrx_word' id='word_1_331' title='bbox 172 3008 302 3066; x_wconf 78' lang='lat' dir='ltr'>ldeae.</span> <span class='ocrx_word' id='word_1_332' title='bbox 341 3004 1042 3084; x_wconf 83' lang='lat' dir='ltr'>Liberinscriptionumfol.</span> <span class='ocrx_word' id='word_1_333' title='bbox 1063 3013 1151 3062; x_wconf 81' lang='lat'>28.</span> <span class='ocrx_word' id='word_1_334' title='bbox 1225 3000 1355 3080; x_wconf 67' lang='lat' dir='ltr'>xiste</span> <span class='ocrx_word' id='word_1_335' title='bbox 1376 3008 1563 3063; x_wconf 82' lang='lat' dir='ltr'>navim</span> <span class='ocrx_word' id='word_1_336' title='bbox 1590 3044 1608 3070; x_wconf 68' lang='lat'>2</span> <span class='ocrx_word' id='word_1_337' title='bbox 1659 3028 1814 3082; x_wconf 79' lang='lat' dir='ltr'>quam</span> <span class='ocrx_word' id='word_1_338' title='bbox 1846 3013 2012 3067; x_wconf 84' lang='lat' dir='ltr'>multa</span> <span class='ocrx_word' id='word_1_339' title='bbox 2045 3015 2222 3072; x_wconf 79' lang='lat' dir='ltr'>millia</span> 
     </span>
    </p>
   </div>
   <div class='ocr_carea' id='block_1_15' title="bbox 173 3082 1102 3221">
    <p class='ocr_par' dir='ltr' id='par_1_18' title="bbox 173 3082 1102 3221">
     <span class='ocr_line' id='line_1_60' title="bbox 173 3082 465 3163; baseline 0.017 -25"><span class='ocrx_word' id='word_1_340' title='bbox 173 3082 388 3163; x_wconf 79' lang='lat' dir='ltr'>instript.</span> <span class='ocrx_word' id='word_1_341' title='bbox 412 3109 465 3146; x_wconf 87' lang='lat'>2.</span> 
     </span>
     <span class='ocr_line' id='line_1_61' title="bbox 215 3162 1102 3221; baseline -0.009 -1"><span class='ocrx_word' id='word_1_342' title='bbox 215 3162 476 3221; x_wconf 69' lang='lat' dir='ltr'>Murus.</span> <span class='ocrx_word' id='word_1_343' title='bbox 523 3168 745 3220; x_wconf 61' lang='lat' dir='ltr'>Danu.</span> <span class='ocrx_word' id='word_1_344' title='bbox 793 3163 1102 3221; x_wconf 62' lang='lat' dir='ltr'>MAGNu.</span> 
     </span>
    </p>
   </div>
   <div class='ocr_carea' id='block_1_16' title="bbox 237 3239 1155 3388">
    <p class='ocr_par' dir='ltr' id='par_1_19' title="bbox 237 3239 1155 3388">
     <span class='ocr_line' id='line_1_62' title="bbox 428 3239 877 3297; baseline -0.013 0"><span class='ocrx_word' id='word_1_345' title='bbox 428 3243 704 3297; x_wconf 68' lang='lat' dir='ltr'>InAtAn.</span> <span class='ocrx_word' id='word_1_346' title='bbox 743 3239 877 3292; x_wconf 84' lang='lat' dir='ltr'><em>Elm.</em></span> 
     </span>
     <span class='ocr_line' id='line_1_63' title="bbox 237 3307 1155 3388; baseline -0.008 -16"><span class='ocrx_word' id='word_1_347' title='bbox 237 3316 377 3387; x_wconf 75' lang='lat' dir='ltr'>Testis</span> <span class='ocrx_word' id='word_1_348' title='bbox 398 3332 566 3371; x_wconf 78' lang='lat' dir='ltr'>mater</span> <span class='ocrx_word' id='word_1_349' title='bbox 589 3311 757 3388; x_wconf 83' lang='lat' dir='ltr'><em>Idaea]</em></span> <span class='ocrx_word' id='word_1_350' title='bbox 808 3316 942 3369; x_wconf 83' lang='lat' dir='ltr'>Haec</span> <span class='ocrx_word' id='word_1_351' title='bbox 960 3307 1039 3366; x_wconf 87' lang='lat' dir='ltr'>est</span> <span class='ocrx_word' id='word_1_352' title='bbox 1065 3327 1155 3365; x_wconf 85' lang='lat' dir='ltr'>ve-</span> 
     </span>
    </p>
   </div>
   <div class='ocr_carea' id='block_1_17' title="bbox 1224 3083 2221 3157">
    <p class='ocr_par' dir='ltr' id='par_1_20' title="bbox 1224 3083 2221 3157">
     <span class='ocr_line' id='line_1_64' title="bbox 1224 3083 2221 3157; baseline 0.012 -21"><span class='ocrx_word' id='word_1_353' title='bbox 1224 3083 1478 3137; x_wconf 84' lang='lat' dir='ltr'>bominum</span> <span class='ocrx_word' id='word_1_354' title='bbox 1489 3085 2062 3157; x_wconf 78' lang='lat' dir='ltr'>traherenequiverant.</span> <span class='ocrx_word' id='word_1_355' title='bbox 2094 3091 2221 3149; x_wconf 80' lang='lat' dir='ltr'>Liv.</span> 
     </span>
    </p>
   </div>
   <div class='ocr_carea' id='block_1_18' title="bbox 1227 3155 2221 3310">
    <p class='ocr_par' dir='ltr' id='par_1_21' title="bbox 1227 3155 2221 3310">
     <span class='ocr_line' id='line_1_65' title="bbox 1227 3155 2221 3234; baseline 0.011 -22"><span class='ocrx_word' id='word_1_356' title='bbox 1227 3155 1322 3213; x_wconf 82' lang='lat' dir='ltr'>lib.</span> <span class='ocrx_word' id='word_1_357' title='bbox 1370 3178 1426 3225; x_wconf 79' lang='lat'>9.</span> <span class='ocrx_word' id='word_1_358' title='bbox 1467 3159 1676 3217; x_wconf 86' lang='lat' dir='ltr'>Arnob.</span> <span class='ocrx_word' id='word_1_359' title='bbox 1719 3160 1814 3216; x_wconf 89' lang='lat' dir='ltr'>lib.</span> <span class='ocrx_word' id='word_1_360' title='bbox 1856 3182 1910 3226; x_wconf 90' lang='lat'>7.</span> <span class='ocrx_word' id='word_1_361' title='bbox 1952 3164 2128 3220; x_wconf 83' lang='lat' dir='ltr'>ovid.</span> <span class='ocrx_word' id='word_1_362' title='bbox 2162 3183 2221 3234; x_wconf 82' lang='lat'>4.</span> 
     </span>
     <span class='ocr_line' id='line_1_66' title="bbox 1228 3229 2001 3310; baseline 0.008 -23"><span class='ocrx_word' id='word_1_363' title='bbox 1228 3229 1369 3288; x_wconf 86' lang='lat' dir='ltr'>Fast.</span> <span class='ocrx_word' id='word_1_364' title='bbox 1394 3234 1605 3292; x_wconf 85' lang='lat' dir='ltr'>Tertul.</span> <span class='ocrx_word' id='word_1_365' title='bbox 1638 3238 1749 3310; x_wconf 84' lang='lat' dir='ltr'>Ap.</span> <span class='ocrx_word' id='word_1_366' title='bbox 1788 3241 2001 3295; x_wconf 79' lang='lat' dir='ltr'>Wower.</span> 
     </span>
    </p>
   </div>
   <div class='ocr_carea' id='block_1_19' title="bbox 1300 3310 2216 3393">
    <p class='ocr_par' dir='ltr' id='par_1_22' title="bbox 1300 3310 2216 3393">
     <span class='ocr_line' id='line_1_67' title="bbox 1300 3310 2216 3393; baseline 0.013 -30"><span class='ocrx_word' id='word_1_367' title='bbox 1300 3310 1563 3365; x_wconf 86' lang='lat' dir='ltr'>Probavit</span> <span class='ocrx_word' id='word_1_368' title='bbox 1601 3324 1850 3369; x_wconf 75' lang='lat' dir='ltr'>matrone</span> <span class='ocrx_word' id='word_1_369' title='bbox 1890 3314 2216 3393; x_wconf 74' lang='lat' dir='ltr'>castitatem]</span> 
     </span>
    </p>
   </div>
   <div class='ocr_carea' id='block_1_20' title="bbox 179 3383 2229 3542">
    <p class='ocr_par' dir='ltr' id='par_1_23' title="bbox 179 3383 2229 3542">
     <span class='ocr_line' id='line_1_68' title="bbox 179 3383 2225 3464; baseline 0.001 -21"><span class='ocrx_word' id='word_1_370' title='bbox 179 3386 967 3463; x_wconf 65' lang='lat' dir='ltr'>riffirnalestio,cujusvestigia</span> <span class='ocrx_word' id='word_1_371' title='bbox 984 3405 1154 3464; x_wconf 84' lang='lat' dir='ltr'>agno·</span> <span class='ocrx_word' id='word_1_372' title='bbox 1223 3385 1468 3439; x_wconf 73' lang='lat' dir='ltr'>Lastaut.</span> <span class='ocrx_word' id='word_1_373' title='bbox 1500 3383 1597 3441; x_wconf 88' lang='lat' dir='ltr'>lib.</span> <span class='ocrx_word' id='word_1_374' title='bbox 1632 3406 1682 3447; x_wconf 75' lang='lat'>2,</span> <span class='ocrx_word' id='word_1_375' title='bbox 1711 3406 1829 3462; x_wconf 83' lang='lat' dir='ltr'>cap.</span> <span class='ocrx_word' id='word_1_376' title='bbox 1856 3408 1909 3459; x_wconf 86' lang='lat'>7.</span> <span class='ocrx_word' id='word_1_377' title='bbox 1993 3394 2225 3451; x_wconf 68' lang='lat' dir='ltr'>Claudia</span> 
     </span>
     <span class='ocr_line' id='line_1_69' title="bbox 181 3460 2229 3542; baseline 0.003 -22"><span class='ocrx_word' id='word_1_378' title='bbox 181 3466 339 3522; x_wconf 78' lang='lat' dir='ltr'>vimus</span> <span class='ocrx_word' id='word_1_379' title='bbox 362 3469 419 3523; x_wconf 91' lang='lat' dir='ltr'>in</span> <span class='ocrx_word' id='word_1_380' title='bbox 447 3470 568 3524; x_wconf 87' lang='lat' dir='ltr'>MS.</span> <span class='ocrx_word' id='word_1_381' title='bbox 597 3469 741 3542; x_wconf 86' lang='lat' dir='ltr'>Reg.</span> <span class='ocrx_word' id='word_1_382' title='bbox 770 3463 864 3520; x_wconf 90' lang='lat' dir='ltr'>ubi</span> <span class='ocrx_word' id='word_1_383' title='bbox 895 3460 1151 3534; x_wconf 84' lang='lat' dir='ltr'>scriptum</span> <span class='ocrx_word' id='word_1_384' title='bbox 1220 3478 1417 3533; x_wconf 84' lang='lat' dir='ltr'>quoque</span> <span class='ocrx_word' id='word_1_385' title='bbox 1444 3464 1753 3534; x_wconf 81' lang='lat' dir='ltr'>proponitur</span> <span class='ocrx_word' id='word_1_386' title='bbox 1787 3468 1844 3517; x_wconf 85' lang='lat' dir='ltr'>in</span> <span class='ocrx_word' id='word_1_387' title='bbox 1871 3470 2095 3542; x_wconf 82' lang='lat' dir='ltr'>exemplo</span> <span class='ocrx_word' id='word_1_388' title='bbox 2117 3472 2229 3526; x_wconf 86' lang='lat' dir='ltr'>mi·-</span> 
     </span>
    </p>
   </div>
   <div class='ocr_carea' id='block_1_21' title="bbox 182 3535 1155 3763">
    <p class='ocr_par' dir='ltr' id='par_1_24' title="bbox 182 3535 1155 3763">
     <span class='ocr_line' id='line_1_70' title="bbox 182 3535 1155 3611; baseline -0.002 -17"><span class='ocrx_word' id='word_1_389' title='bbox 182 3535 287 3595; x_wconf 80' lang='lat' dir='ltr'>sane</span> <span class='ocrx_word' id='word_1_390' title='bbox 311 3538 475 3600; x_wconf 83' lang='lat' dir='ltr'>fuerat</span> <span class='ocrx_word' id='word_1_391' title='bbox 497 3545 628 3597; x_wconf 77' lang='lat' dir='ltr'>idea</span> <span class='ocrx_word' id='word_1_392' title='bbox 658 3578 678 3604; x_wconf 89' lang='lat'>‚</span> <span class='ocrx_word' id='word_1_393' title='bbox 734 3538 821 3595; x_wconf 86' lang='lat' dir='ltr'>sed</span> <span class='ocrx_word' id='word_1_394' title='bbox 851 3540 980 3611; x_wconf 79' lang='lat' dir='ltr'>quia</span> <span class='ocrx_word' id='word_1_395' title='bbox 1002 3536 1155 3592; x_wconf 83' lang='lat' dir='ltr'>litera</span> 
     </span>
     <span class='ocr_line' id='line_1_71' title="bbox 184 3610 1154 3745; baseline -0.001 -77"><span class='ocrx_word' id='word_1_396' title='bbox 184 3614 206 3668; x_wconf 88' lang='grc' dir='ltr'>Ι</span> <span class='ocrx_word' id='word_1_397' title='bbox 216 3633 386 3689; x_wconf 81' lang='lat' dir='ltr'>parum</span> <span class='ocrx_word' id='word_1_398' title='bbox 398 3616 706 3674; x_wconf 72' lang='lat' dir='ltr'>cohaerebat</span> <span class='ocrx_word' id='word_1_399' title='bbox 718 3653 735 3675; x_wconf 72' lang='grc'><strong>.</strong></span> <span class='ocrx_word' id='word_1_400' title='bbox 757 3634 817 3671; x_wconf 86' lang='lat' dir='ltr'>ac</span> <span class='ocrx_word' id='word_1_401' title='bbox 832 3610 1154 3745; x_wconf 57' lang='lat' dir='ltr'>Xraecedenti</span> 
     </span>
     <span class='ocr_line' id='line_1_72' title="bbox 182 3691 1153 3763; baseline -0.002 -19"><span class='ocrx_word' id='word_1_402' title='bbox 182 3694 281 3746; x_wconf 79' lang='lat' dir='ltr'>voci</span> <span class='ocrx_word' id='word_1_403' title='bbox 304 3691 467 3750; x_wconf 81' lang='lat' dir='ltr'>fuerat</span> <span class='ocrx_word' id='word_1_404' title='bbox 495 3693 709 3763; x_wconf 59' lang='lat' dir='ltr'>adjeista</span> <span class='ocrx_word' id='word_1_405' title='bbox 737 3729 755 3756; x_wconf 90' lang='lat'>,</span> <span class='ocrx_word' id='word_1_406' title='bbox 812 3691 827 3744; x_wconf 91' lang='lat' dir='ltr'>i</span> <span class='ocrx_word' id='word_1_407' title='bbox 869 3691 1009 3744; x_wconf 88' lang='lat' dir='ltr'>circo</span> <span class='ocrx_word' id='word_1_408' title='bbox 1032 3705 1153 3742; x_wconf 83' lang='lat' dir='ltr'>earn</span> 
     </span>
    </p>
   </div>
   <div class='ocr_carea' id='block_1_22' title="bbox 181 3758 1156 3838">
    <p class='ocr_par' dir='ltr' id='par_1_25' title="bbox 181 3758 1156 3838">
     <span class='ocr_line' id='line_1_73' title="bbox 181 3758 1156 3838; baseline -0.001 -15"><span class='ocrx_word' id='word_1_409' title='bbox 181 3782 298 3838; x_wconf 74' lang='lat' dir='ltr'>pene</span> <span class='ocrx_word' id='word_1_410' title='bbox 317 3768 614 3830; x_wconf 76' lang='lat' dir='ltr'>deleverant</span> <span class='ocrx_word' id='word_1_411' title='bbox 623 3791 644 3838; x_wconf 84' lang='lat'>,-</span> <span class='ocrx_word' id='word_1_412' title='bbox 690 3782 748 3828; x_wconf 80' lang='lat' dir='ltr'>ut</span> <span class='ocrx_word' id='word_1_413' title='bbox 769 3764 985 3825; x_wconf 79' lang='lat' dir='ltr'>literulae</span> <span class='ocrx_word' id='word_1_414' title='bbox 1003 3758 1156 3822; x_wconf 81' lang='lat' dir='ltr'>istius</span> 
     </span>
    </p>
   </div>
   <div class='ocr_carea' id='block_1_23' title="bbox 1224 3537 2227 3761">
    <p class='ocr_par' dir='ltr' id='par_1_26' title="bbox 1224 3537 2227 3761">
     <span class='ocr_line' id='line_1_74' title="bbox 1224 3537 2227 3618; baseline 0.014 -29"><span class='ocrx_word' id='word_1_415' title='bbox 1224 3538 1392 3590; x_wconf 80' lang='lat' dir='ltr'>raculi</span> <span class='ocrx_word' id='word_1_416' title='bbox 1406 3584 1413 3588; x_wconf 85' lang='lat'><em>.</em></span> <span class='ocrx_word' id='word_1_417' title='bbox 1486 3537 1628 3590; x_wconf 85' lang='lat' dir='ltr'>Nam</span> <span class='ocrx_word' id='word_1_418' title='bbox 1655 3556 1762 3591; x_wconf 82' lang='lat' dir='ltr'>cuni</span> <span class='ocrx_word' id='word_1_419' title='bbox 1785 3557 1849 3592; x_wconf 82' lang='lat' dir='ltr'>ex</span> <span class='ocrx_word' id='word_1_420' title='bbox 1874 3542 2030 3598; x_wconf 84' lang='lat' dir='ltr'>libris</span> <span class='ocrx_word' id='word_1_421' title='bbox 2045 3546 2227 3618; x_wconf 77' lang='lat' dir='ltr'>Sibyl-</span> 
     </span>
     <span class='ocr_line' id='line_1_75' title="bbox 1226 3612 2227 3686; baseline 0.01 -21"><span class='ocrx_word' id='word_1_422' title='bbox 1226 3612 1353 3666; x_wconf 86' lang='lat' dir='ltr'>linis</span> <span class='ocrx_word' id='word_1_423' title='bbox 1384 3612 1513 3665; x_wconf 82' lang='lat' dir='ltr'>]daea</span> <span class='ocrx_word' id='word_1_424' title='bbox 1545 3625 1713 3665; x_wconf 88' lang='lat' dir='ltr'>mater</span> <span class='ocrx_word' id='word_1_425' title='bbox 1745 3612 1862 3686; x_wconf 71' lang='lat' dir='ltr'>effer</span> <span class='ocrx_word' id='word_1_426' title='bbox 1885 3620 2050 3673; x_wconf 85' lang='lat' dir='ltr'>accita</span> <span class='ocrx_word' id='word_1_427' title='bbox 2081 3656 2100 3681; x_wconf 85' lang='lat'>‚</span> <span class='ocrx_word' id='word_1_428' title='bbox 2156 3624 2227 3681; x_wconf 64' lang='lat' dir='ltr'>eb·</span> 
     </span>
     <span class='ocr_line' id='line_1_76' title="bbox 1226 3687 2225 3761; baseline 0.009 -20"><span class='ocrx_word' id='word_1_429' title='bbox 1226 3690 1284 3741; x_wconf 86' lang='lat' dir='ltr'>in</span> <span class='ocrx_word' id='word_1_430' title='bbox 1322 3689 1465 3742; x_wconf 74' lang='lat' dir='ltr'>‘vado</span> <span class='ocrx_word' id='word_1_431' title='bbox 1496 3687 1731 3742; x_wconf 78' lang='lat' dir='ltr'>Tiberini</span> <span class='ocrx_word' id='word_1_432' title='bbox 1751 3689 1995 3759; x_wconf 86' lang='lat' dir='ltr'>fluminis</span> <span class='ocrx_word' id='word_1_433' title='bbox 2030 3699 2225 3761; x_wconf 82' lang='lat' dir='ltr'>navis,</span> 
     </span>
    </p>
   </div>
   <div class='ocr_carea' id='block_1_24' title="bbox 1226 3760 2232 3907">
    <p class='ocr_par' dir='ltr' id='par_1_27' title="bbox 1226 3760 2232 3907">
     <span class='ocr_line' id='line_1_77' title="bbox 1226 3760 2231 3863; baseline 0.009 -46"><span class='ocrx_word' id='word_1_434' title='bbox 1226 3780 1330 3838; x_wconf 75' lang='lat' dir='ltr'>qua</span> <span class='ocrx_word' id='word_1_435' title='bbox 1355 3760 1637 3826; x_wconf 75' lang='lat' dir='ltr'>vehebatur</span> <span class='ocrx_word' id='word_1_436' title='bbox 1651 3798 1670 3833; x_wconf 81' lang='lat'>‚</span> <span class='ocrx_word' id='word_1_437' title='bbox 1711 3761 1910 3843; x_wconf 81' lang='lat' dir='ltr'>haefiffet</span> <span class='ocrx_word' id='word_1_438' title='bbox 1922 3788 1944 3840; x_wconf 75' lang='lat'>,-</span> <span class='ocrx_word' id='word_1_439' title='bbox 1989 3787 2076 3830; x_wconf 82' lang='lat' dir='ltr'>uec</span> <span class='ocrx_word' id='word_1_440' title='bbox 2108 3771 2231 3863; x_wconf 47' lang='lat' dir='ltr'>ulla·</span> 
     </span>
     <span class='ocr_line' id='line_1_78' title="bbox 2161 3859 2232 3907; baseline 0.056 -4"><span class='ocrx_word' id='word_1_441' title='bbox 2161 3859 2232 3907; x_wconf 63' lang='lat' dir='ltr'>ve</span> 
     </span>
    </p>
   </div>
  </div>
 </body>
</html>
