2703 4573
385 297 522 379 DE
582 299 977 382 ERRORE
1039 299 1319 383 Pnor.
1383 303 1733 390 Ram.
1929 299 2108 409 '421‘

83 430 327 522 sptium,
374 434 448 506 Sc
481 458 706 505 annua
739 434 811 505 in
844 434 1108 528 templo
1141 453 1303 505 vota
1331 436 1730 506 decernunt.
1771 434 1909 509 Sed
1936 435 2094 507 nul-

120 550 391 624 .genere
427 530 658 600 matris
701 529 903 600 dolor
940 529 1270 613 vincitur,
1317 554 1446 600 nec
1483 530 1829 603 muliebris
1871 531 2100 624 impa-·

139 625 290 694 ntiae
324 643 671 695 tormenta
704 644 1048 695 curantur.
1145 625 1280 695 Sed
1338 626 1615 696 credens
1666 650 1826 697 vere
1876 625 2090 698 filiam

77 713 245 812 strope
287 718 651 814 Syracusas
686 719 816 789 esse
859 718 1062 789 visam
1112 774 1135 807 ,
1209 719 1654 815 Triptolemo
1693 720 1930 793 villico
1968 720 2093 791 suo

75 810 247 902 luce,
274 813 660 894 „noeturnis
695 812 1048 885 itineribus
1083 814 1164 885 ad
1203 815 1642 908 Syracusanae
1661 815 1957 886 civitatis
1980 814 2092 886 lit-

74 931 146 978 us
185 932 343 983 cum
384 907 667 1003 lugubri
704 907 888 980 veste
926 933 1004 980 ac
1041 908 1311 981 sordido
1348 909 1687 1005 squallore
1733 909 2044 1005 pervenit
2067 964 2091 998 ,

73 1026 161 1073 nec
198 1003 297 1075 illi
331 1003 557 1075 defuit
593 1058 618 1092 ,
684 1004 804 1099 qui
861 1004 1206 1075 credulam
1266 1005 1355 1074 de
1414 1003 1903 1075 calamitatibus
1959 1003 2095 1075 suis

71 1097 291 1171 alleret
333 1118 651 1174 matrem.
727 1099 942 1170 Tunc
972 1098 1065 1169 ait
1099 1097 1164 1170 se
1192 1099 1579 1182 Pandarus,
1630 1098 1853 1171 nescio
1939 1099 2040 1170 uis
2065 1154 2089 1189 ,

69 1191 260 1266 (idiffe
311 1215 461 1265 non
513 1193 721 1288 longe
757 1193 795 1264 a
832 1194 1159 1288 Pachyno
1199 1216 1439 1265 navem
1477 1212 1818 1288 raptorem
1862 1218 1895 1264 a
1929 1218 2091 1266 cen-

67 1285 192 1359 iiss'e
222 1313 386 1362 cum
432 1288 729 1383 virgine.
782 1286 1177 1360 Persuasum
1219 1288 1316 1358 est
1358 1287 1673 1377 mulieri,
1724 1313 1880 1385 quae
1912 1303 2094 1384 quo-i

72 1381 195 1453 ibet
238 1406 496 1479 genere
548 1383 779 1454 viv'ere
817 1382 1031 1453 filiam
1071 1382 1388 1479 cupiebat
1428 1381 1661 1455 audire
1700 1439 1722 1471 ‚
1802 1383 2090 1455 infinitis

63 1474 299 1551 ictibus
343 1498 738 1554 remunerat
772 1477 1144 1549 civitatem.
1247 1477 1645 1572 Syracusani
1689 1477 2126 1556 liberalitate?

61 1573 328 1645 mulieris
369 1571 729 1668 provocati
770 1626 793 1660 ‚
857 1572 1454 1666 raptumvirginis
1494 1571 1887 1644 consecrant
1921 1625 1942 1653 ,
2012 1573 2088 1643 δε

59 1666 420 1763 mitigantes
449 1665 762 1736 dolorem
801 1666 1033 1737 matris
1074 1691 1395 1762 pompam
1439 1667 1660 1738 miseri
1693 1664 1945 1738 funeris
1967 1688 2091 1736 ex-

57 1760 270 1836 colunt
307 1764 577 1833 honore
612 1761 1057 1857 templorum.
1105 1764 1241 1836 Sed
1270 1784 1398 1832 nec
1427 1761 1562 1833 hoc
1589 1759 1834 1833 sufficit
1865 1763 2088 1845 matri,

57 1851 148 1926 sed
183 1855 442 1930 ascensa
483 1879 657 1927 nave
696 1880 818 1950 per
858 1858 1215 1952 peregrina
1266 1855 1494 1927 littora
1544 1855 1757 1927 filiam
1811 1855 2084 1952 quaerit.

55 1949 150 2021 Sic
186 1951 507 2027 fluctibus
546 1949 1189 2044 tempestatibusque
1215 1950 1464 2047 jactata
1496 1951 1575 2021 ad
1617 1951 1867 2022 Atticae
1899 1950 2090 2022 urbis

53 2043 263 2126 locum
301 2046 640 2143 pervenit.
688 2046 842 2118 Illic
877 2044 1169 2141 hospitio
1204 2064 1474 2140 recepta
1499 2101 1522 2135 ‚
1567 2044 1808 2115 incolis
1845 2046 2088 2140 incog-

54 2140 252 2214 nitum
294 2143 524 2217 adhuc
560 2140 862 2219 triticum
899 2140 1170 2213 dividit.
1241 2139 1476 2211 Locus
1517 2163 1605 2211 ex
1689 2139 1855 2211 atria
1889 2142 1959 2211 δε
1996 2162 2085 2210 ex

56 2235 328 2312 adventu
354 2235 662 2317 mulieris
695 2260 948 2308 nomen
983 2235 1260 2329 accepit.
1309 2234 1496 2306 Nam
1530 2244 1550 2276 ¹
1578 2235 1642 2307 E
1674 2232 1841 2308 eufis
1862 2232 2094 2307 dictus

55 2331 175 2422 est,
220 2332 407 2428 quod
452 2331 624 2402 illuc
662 2331 914 2413 Ceroe,
961 2329 1197 2402 relicta
1230 2328 1532 2420 Henna,
1583 2350 1880 2403 venerat.
1937 2330 2089 2405 Sic-

54 2448 169 2518 que
213 2447 362 2500 tum
422 2424 565 2521 ipsa
617 2425 1016 2519 dispensatio
1067 2423 1254 2519 quod
1311 2426 1626 2497 attulerat
1690 2422 2083 2516 frumenta,

54 2538 181 2593 tum
220 2521 408 2619 quod
462 2520 1010 2617 colligendarum
1059 2519 1341 2614 frugum
1387 2521 1749 2591 tradiderat
1788 2520 2087 2614 discipli-

52 2636 185 2687 nam
210 2673 230 2705 ,
278 2616 432 2711 post
470 2636 766 2687 mortem
801 2615 895 2685 ob
928 2613 1344 2685 beneficium
1380 2669 1402 2702 ,
1448 2614 1637 2708 quod
1673 2637 1758 2684 ex
1795 2611 2094 2707 frugum·

53 2712 226 2804 copia
258 2709 702 2793 nascebatur,
749 2711 821 2781 &
866 2707 1123 2804 sepulta
1160 2708 1231 2778 in
1266 2732 1354 2778 eo
1386 2707 1548 2777 loco
1579 2706 1675 2779 est
1721 2706 1969 2801 pariter
2006 2709 2086 2778 δε

51 2808 409 2881 consecrata
436 2861 454 2886 ‚
510 2806 582 2874 &
617 2804 854 2876 divino
891 2827 1050 2874 cum
1089 2801 1234 2872 filia
1267 2801 1600 2897 appellata
1634 2801 1934 2873 nomine.
1984 2805 2086 2872 A·

53 2920 171 2971 mat
207 2903 391 2977 enim
433 2897 846 2971 Graecorutn
881 2897 1117 2969 levitas
1151 2920 1306 2985 em,
1354 2897 1473 2992 qui
1500 2896 1617 2968 fibi
1637 2894 1894 2991 aliquid
1918 2920 2090 2968 con-

49 2995 351 3084 tulerint,
400 2993 516 3065 vel
557 2994 678 3088 qui
715 2992 1001 3065 confilio
1030 3010 1148 3063 aut
1189 2990 1445 3061 virtute
1479 2990 1542 3061 se
1573 2990 1880 3086 juverint
1912 3047 1935 3074 .‚
1980 2993 2088 3062 di-

49 3088 204 3162 vinis
243 3088 590 3186 appellare
626 3085 1045 3158 nominibus.
1137 3086 1232 3156 Et
1262 3084 1353 3156 fic
1393 3085 1478 3155 ab
1518 3084 1671 3181 ipsis
1710 3084 2091 3159 beneficio-2

49 3205 180 3254 rum
223 3185 440 3280 gratia
469 3181 862 3276 repensatur
900 3238 918 3266 ,
988 3199 1068 3263 ut
1100 3181 1262 3252 deos
1291 3180 1523 3251 dicant
1553 3235 1576 3270 ,
1642 3181 1715 3251 &
1754 3181 1925 3256 dect
1952 3184 2090 3259 effe

49 3279 353 3368 credant,
401 3278 520 3372 qui
565 3274 685 3347 fibi
723 3276 1089 3372 aliquando
1129 3272 1533 3369 profuerint.
1604 3275 1717 3346 Sic
1752 3277 1836 3345 de
1870 3279 2085 3349 Libe-

49 3392 112 3441 to
141 3372 315 3444 Nisa
351 3396 494 3444 non
536 3370 803 3442 dubitat
825 3426 848 3460 ‚
906 3395 1034 3442 nec
1057 3370 1142 3441 de
1173 3370 1371 3441 novis
1405 3369 1692 3465 ambigit
1721 3368 1955 3463 Sparta
1978 3371 2090 3464 sy-

49 3465 302 3547 deribus
328 3511 349 3545 ‚
397 3486 652 3541 cremat
694 3467 766 3537 &
807 3463 1152 3536 consecrat
1183 3463 1565 3534 Herculem
1608 3462 1809 3535 tristis
1841 3463 2095 3555 Oetas2

49 3561 144 3646 3&
189 3559 227 3641 ὲ
266 3559 457 3639 vanis
492 3556 1200 3643 Cretenfibus⁴adhuc
1243 3557 1499 3631 mortui
1545 3558 1741 3651 Iovis
1776 3559 2096 3726 tumugus-

1924 3678 1960 3724 2
2010 3680 2090 3725 0·-

106 3768 128 3807 1
172 3752 365 3826 Eli-asts
384 3752 553 3811 dmm
573 3749 642 3827 est
654 3748 684 3827 1
735 3747 893 3818 Idem
909 3750 1027 3819 ἀλ-ψ
1169 3769 1203 3816 a
1239 3751 1307 3813 Et
1330 3748 1372 3807 ἃ
1386 3751 1549 3819 vanis
1566 3746 1917 3824 ctetasthusl
1946 3748 2098 3814 Vide

49 3821 113 3914 us
130 3828 320 3915 ³th
346 3827 594 3918 Etim&
610 3827 853 3915 &swa
1095 3824 1253 3911 sud}
1274 3830 1442 3913 εῑεοει

1521 3899 1635 3980 ‚1²⁶¹
1673 3922 1708 3983 Ξ
1852 3917 1891 3982 ,ε
1927 3900 2101 3985 Μὴ
