2703 4573
499 320 600 405 1'6

722 342 723 345 ‘
829 318 1600 404 M.M1N15c1'1
1667 313 2176 399 FEchis'

491 459 569 535 δί
605 472 624 503 ¹
656 480 815 531 aura
854 458 1191 557 adspirans
1210 456 1453 530 leniter
1486 434 1789 527 membra
1820 464 2200 553 vegetaret,
2250 453 2326 527 &
2347 453 2520 529 curri

487 557 735 630 eximia
774 556 1128 654 voluptate
1164 566 1192 598 ²
1232 554 1431 626 molli
1466 553 1753 651 vestigio
1799 557 2040 626 cedens
2078 575 2275 627 arena
2301 551 2519 626 subfia

2399 650 2526 723 des

463 833 693 893 consilio
722 841 772 890 &
801 831 942 898 fine,
984 851 1043 893 ut
1073 828 1503 892 inambularem}
1534 844 1702 907 quam
1743 835 2049 910 pertineant
2078 832 2144 890 ad
2173 833 2557 891 inambulando‘

461 901 640 970 litore.
684 909 775 968 Est
799 914 946 967 enim
979 911 1088 969 haec
1108 911 1359 988 loquutio
1386 931 1474 968 ea-
1498 952 1501 959 .

460 986 585 1047 dem
639 990 976 1046 Suetonianae
1029 991 1085 1044 in
1136 989 1284 1057 Julio
1325 1008 1378 1044 c.
1416 994 1471 1058 7.

464 1084 621 1147 quum
645 1064 770 1140 jure
807 1068 1024 1120 dicundo
1053 1079 1332 1122 conventus
1364 1068 1471 1121 cis·-

458 1144 674 1198 cumiret
690 1179 711 1205 ,
749 1159 914 1216 quam
936 1139 1002 1196 ad
1012 1160 1072 1195 ao
1088 1139 1224 1195 clare
1242 1136 1470 1197 illustra-

457 1219 538 1289 yit
561 1216 694 1272 liber
718 1237 742 1270 «ι
764 1258 777 1271 .
808 1217 1014 1291 paterni
1053 1215 1252 1272 laboris
1289 1216 1357 1272 de
1393 1218 1476 1272 se*

458 1288 658 1367 stertiie
684 1311 802 1369 cap.
839 1305 893 1349 6.
966 1296 1135 1348 Porro
1170 1291 1291 1348 (itus
1321 1293 1468 1350 urbis

460 1368 632 1426 Ostiae
661 1368 749 1425 hic
773 1387 888 1423 erat
916 1406 932 1432 ,
977 1387 1033 1424 ιιι
1062 1378 1231 1445 qunm
1261 1367 1383 1444 ipsa,
1403 1367 1469 1425 fi·

457 1464 513 1518 ta
537 1441 657 1502 effer
691 1444 758 1501 ad
790 1445 1042 1500 Tiberim
1072 1445 1155 1501 vel
1180 1447 1338 1501 initia
1367 1443 1466 1502 hu-

1530 909 1692 966 litore
1717 946 1733 972 ,
1829 909 1918 967 sed
1977 910 2045 969 ad
2094 908 2150 965 τὶ
2197 924 2553 985 pergeremus:

1533 986 1870 1045 Gronovius·

1619 1080 1642 1116 1
1690 1068 1847 1118 Aura
1881 1059 2219 1140 acffpirann]
2293 1065 2440 1138 Quae
2476 1060 2554 1120 ex‘

1538 1138 1748 1193 ratione
1784 1142 2040 1195 matutini
2063 1142 2331 1216 temporis
2347 1140 2550 1216 Γαρρο-

1533 1214 1702 1269 nitur.
1721 1214 1960 1288 Superest
1978 1212 2353 1293 fragmentum
2377 1220 2550 1273 Pom-

1533 1291 1689 1365 ponii
1717 1289 1754 1346 ε’
1783 1293 1948 1348 Terra
1977 1296 2197 1363 exhalat
2239 1313 2429 1350 auram
2454 1307 2548 1350 at·-

1532 1384 1627 1439 que
1660 1382 1908 1424 auroram
1946 1372 2208 1426 humidam
2238 1371 2543 1427 humeHam.

1532 1444 1769 1500 Ovidius
1795 1445 1935 1501 libro
1960 1466 2015 1500 v·
2043 1444 2094 1502 1'.
2127 1450 2356 1502 Metam.
2438 1450 2548 1505 Po-

457 1525 539 1595 ius
568 1523 721 1579 fluvii
755 1562 772 1588 ,
828 1539 1012 1576 tamen
1053 1521 1190 1577 ultra
1220 1540 1341 1577 eam
1371 1521 1465 1577 ad·
1512 1518 1664 1592 stera
1693 1522 2430 1596 depulerantauroraelumina
2450 1545 2545 1581 no-

452 1596 563 1657 huc
601 1600 704 1656 tria
746 1597 1001 1654 milliaria
1036 1592 1355 1672 supereffent
1380 1595 1464 1654 us·

455 1695 564 1753 que
602 1675 666 1731 ad
714 1676 838 1730 litus
863 1712 879 1738 ,
934 1673 1075 1730 unde
1111 1674 1356 1730 austeres
1396 1674 1461 1730 ab

455 1752 591 1826 nrbe
622 1755 807 1808 Roma
842 1749 906 1806 ad
945 1750 1065 1806 litus
1094 1753 1265 1807 maris
1288 1769 1468 1826 pone·-

452 1827 588 1886 bant
616 1826 873 1884 milliaria
904 1845 1035 1901 xvi.
1077 1832 1247 1900 quum
1288 1829 1356 1883 ab
1379 1845 1467 1882 ea-

457 1904 582 1962 dem
602 1905 733 1962 urbe
752 1903 816 1960 ad
836 1899 1054 1958 Ostiam
1091 1901 1262 1970 modo
1289 1923 1317 1959 x
1333 1923 1353 1960 1
1370 1920 1391 1959 1
1414 1921 1431 1956 1
1449 1943 1462 1958 .

456 1981 606 2060 quod
651 1977 934 2036 manifeste
969 1990 1110 2055 patet
1143 1998 1212 2035 ex
1253 1981 1455 2035 citatio·

454 2059 620 2115 nibus
664 2055 805 2132 apud
849 2054 1166 2112 Cluverium
1208 2056 1263 2110 in
1310 2055 1465 2111 Italia

1526 1595 1649 1649 Hem
1682 1634 1698 1660 ,
1743 1600 1996 1672 Egredior
2027 1636 2043 1662 ,
2087 1599 2365 1676 silvasque
2385 1613 2535 1676 peto,

1524 1671 1798 1747 v‘id‘lorque
1814 1688 1908 1748 per
1928 1677 2110 1731 herbas
2139 1682 2300 1732 Auria
2318 1714 2334 1741 ,
2376 1680 2501 1733 veni
2520 1712 2541 1738 ,

1526 1751 1668 1804 dixt.
1732 1752 1817 1805 Sic
1843 1750 1907 1807 ab
1942 1749 2136 1819 Astura
2165 1751 2443 1830 Augustus
2473 1752 2554 1808 de'

1528 1825 1688 1881 noste
1712 1826 1778 1882 ad
1805 1825 2143 1884 occasionem
2160 1847 2304 1887 aurae
2322 1831 2554 1886 evectus⁴

1527 1895 1770 1959 scribitur
1797 1906 2055 1978 Suetonio
2076 1924 2198 1981 cap.
2233 1927 2328 1977 97.
2367 1906 2474 1976 ⁷⁹32
2488 1908 2545 1961 ὺ-

1526 1979 1847 2046 Ύρὲἒκπνοῧς.
1886 1982 2207 2052 Gronovius.

1606 2073 1636 2108 2
1677 2056 1835 2111 Molli
1888 2055 2170 2141 vestigia]
2250 2055 2380 2114 Pedi
2437 2056 2551 2114 five'

455 2135 683 2209 antiqua
724 2138 850 2210 pag.
893 2138 1027 2197 870.
1082 2133 1177 2207 qui
1224 2132 1366 2188 redte
1408 2128 1496 2201 id‘p
1526 2126 1750 2202 plantae.‘
1788 2135 1908 2188 Hac
1930 2142 2078 2189 enim
2109 2150 2239 2190 voce
2259 2132 2550 2209 scri'ptored

455 2212 619 2281 etiam
666 2209 951 2265 intellexit.
1032 2206 1195 2264 Unde
1231 2226 1298 2263 ex
1335 2207 1464 2264 urbe

1527 2203 1579 2259 id
1596 2206 1742 2281 quod
1762 2206 1902 2264 infra
1918 2209 2051 2265 talos
2074 2206 2151 2265 est
2169 2247 2184 2273 ‚
2226 2228 2389 2288 atque
2403 2214 2550 2268 adeo

454 2284 643 2345 Roma
683 2303 868 2342 euntes
910 2282 977 2340 ad
1018 2283 1144 2340 litus
1196 2281 1468 2341 habebant
1494 2313 1498 2348 ;
1525 2277 1660 2356 saepe
1688 2282 1830 2360 ipsos
1855 2284 2012 2363 pedes
2041 2280 2327 2344 denotant.
2411 2293 2553 2346 Ma-'

452 2365 690 2441 spatium
713 2363 858 2418 urbis
885 2357 1150 2416 Ostie'ufis
1178 2360 1423 2417 medium
1443 2397 1461 2424 ,
1532 2360 1694 2416 nisius
1720 2362 1817 2419 lib.
1854 2382 1936 2420 rv.

454 2443 659 2519 quippe
682 2457 851 2516 qnam
875 2436 1192 2493 tranfibant.
1278 2444 1355 2495 Ut
1383 2436 1465 2493 id-

451 2519 599 2577 circo
627 2517 706 2572 vel
733 2512 973 2571 mediam
1006 2512 1148 2569 dicat
1173 2552 1190 2579 ,
1231 2533 1349 2591 quae
1381 2533 1466 2590 γε-

1602 2438 1877 2514 Cruraque
1900 2435 2131 2516 defendit
2143 2438 2366 2516 juvenis
2381 2440 2545 2517 vesti-⁴

1666 2518 1766 2588 gia
1788 2516 1959 2591 pistis.

453 2599 513 2653 te
543 2612 656 2650 erat
680 2593 738 2648 in
768 2588 1333 2662 mediointermare&
1354 2589 1468 2646 Ro·
1529 2588 1704 2670 Qvid.
1731 2590 1826 2648 lib.
1854 2598 1906 2647 v.
1936 2592 2324 2672 Metamorph.

454 2677 610 2731 mam
640 2668 810 2745 posita
834 2706 852 2731 ‚
909 2669 989 2724 vel
1014 2666 1160 2744 quod
1189 2667 1349 2724 istam
1375 2687 1468 2723 ur-

1605 2698 1629 2711 ·
1644 2699 1666 2710 -
1683 2697 1707 2710 ·
1720 2698 1746 2710 ·
1784 2673 1953 2724 tenuit
1979 2669 2201 2747 vestigia
2232 2673 2410 2729 tellus'.

457 2745 583 2807 bem
613 2767 672 2802 in
704 2743 888 2801 medio
912 2742 1252 2807 transierint,
1298 2747 1468 2800 uta‘d-
1540 2743 1764 2799 Gratius
1785 2748 2154 2825 cynegetico:

456 2822 728 2899 olescentia
749 2836 841 2896 per
851 2824 1043 2878 medias
1051 2822 1226 2877 laudes
1246 2822 1441 2894 quadri
1446 2853 1466 2863 ·

451 2903 538 2977 gis
591 2901 777 2956 vehens
827 2899 886 2953 iu
947 2903 1113 2953 Bruto
1154 2898 1458 2953 Ciceronis.

1601 2818 1777 2950 Ε-θὶιὶξε
1814 2825 1909 2898 qui
1942 2826 2060 2880 lata
2093 2822 2280 2896 pandi?
2311 2821 2552 2898 ‘vestigia'

1664 2914 1700 2970 p
1725 2913 1878 2955 anta.
1983 2941 1987 2946 »
2092 2912 2097 2917 ’

453 2976 648 3036 Livius
680 2995 729 3038 1,
763 2981 854 3028 12.
932 2973 1058 3030 Inde
1092 2974 1182 3029 buc
1207 2973 1468 3049 fiaperam,
1525 2973 1815 3031 Ouzelius.
1895 2972 2013 3051 Qi
2077 2973 2217 3048 unde
2272 2970 2386 3030 haec
2425 2972 2546 3031 duo

455 3050 777 3111 inediavalle
794 3052 1029 3107 tendunt.
1074 3051 1253 3105 Miror
1271 3051 1327 3106 in
1345 3067 1467 3106 tan·
1522 3050 1776 3124 exempla
1802 3045 1993 3108 afferat
2032 3091 2047 3116 ,
2100 3049 2314 3114 nescio,·
2359 3048 2448 3106 sed
2483 3051 2549 3109 in·

458 3122 519 3186 ta
542 3127 942 3184 coacervatione
973 3125 1302 3182 cluveriana
1339 3128 1465 3183 nul·
1525 3124 1747 3202 reliquis
1774 3129 2103 3204 compilabat
2136 3125 2421 3184 Barthium
2456 3128 2546 3184 lo-·

456 3205 570 3263 lam
626 3200 744 3259 fieri
801 3201 956 3272 buius
1011 3203 1318 3258 Minuciani
1363 3195 1466 3259 loci
1521 3221 1585 3258 co
1623 3205 1789 3259 citato
1819 3241 1835 3268 ‚
1907 3224 2027 3278 quae
2065 3206 2142 3262 ibi
2180 3205 2358 3282 legere
2397 3204 2546 3261 licet.

459 3283 805 3339 mentionem
831 3316 848 3343 ‚
891 3279 971 3335 uti
999 3296 1174 3354 neque
1198 3279 1254 3334 in
1282 3282 1467 3335 Roma
1527 3281 1753 3335 Interim
1793 3299 1954 3357 prave
1990 3284 2046 3338 in
2075 3283 2196 3337 loco
2229 3278 2420 3337 nostro
2453 3297 2551 3337 ve·

458 3355 848 3419 subterranea,
888 3354 980 3410 ubi
1007 3357 1094 3410 via
1119 3352 1468 3432 Ostienfisil-
1526 3351 1750 3433 stigium
1818 3359 1950 3432 poni
2060 3379 2121 3414 ro
2177 3358 2310 3433 pede
2367 3374 2548 3414 notat.

468 3432 746 3493 lustratur.
792 3431 1017 3488 Interim
1045 3437 1098 3487 &
1128 3428 1215 3487 Cl.
1237 3434 1469 3488 Pricaeus
1526 3432 1664 3489 1⁴·‘on
1690 3435 1838 3487 enim
1871 3428 1993 3488 sunt
2039 3437 2078 3488 ii
2114 3433 2387 3490 delicatulr
2420 3473 2436 3498 ,
2488 3448 2552 3491 ut

359 3557 362 3560 Α
460 3505 529 3569 'ad
550 3507 959 3584 Matthaeicaput
981 3505 1183 3563 1.vets.
1210 3515 1298 3563 18.
1344 3506 1471 3563 hinc
1529 3507 1711 3563 mollis
1741 3525 1927 3563 eorum
1959 3528 2047 3582 pes
2066 3507 2129 3564 fit
2161 3531 2175 3565 ε
2215 3509 2312 3565 sed
2342 3529 2463 3586 pars
2483 3511 2552 3567 li-

459 3584 746 3663 colligebat
788 3584 1165 3657 loquutionem
1207 3585 1284 3637 ad
1327 3602 1472 3639 mare
1521 3584 1656 3638 toris
1699 3588 1753 3639 &
1805 3600 1978 3640 arenae
2021 3603 2192 3660 quarn
2239 3586 2551 3645 identidem

459 3659 590 3721 litus
619 3662 945 3716 inambulare
973 3697 991 3723 ,
1063 3658 1218 3734 plane
1255 3677 1368 3714 non
1401 3677 1467 3713 ex
1523 3657 1823 3721 calcabant,
1868 3659 2101 3715 mollitie
2128 3659 2222 3718 sua
2241 3660 2551 3720 admittens

462 3734 726 3797 sententia
745 3736 1013 3798 auctoris,
1041 3734 1466 3809 &coniungen5‚
1528 3729 1750 3809 preffum
1798 3733 1946 3810 pedis
1984 3735 2145 3791 dabat
2182 3753 2262 3793 eis
2290 3739 2553 3816 volupta-

466 3809 586 3893 'q'uae
615 3815 673 3869 in
696 3807 1061 3868 construendo
1099 3810 1294 3866 debent
1321 3810 1467 3886 sepa·
1527 3828 1636 3865 tem
1660 3847 1677 3873 ‚
1719 3827 1882 3884 qnam
1913 3813 2223 3887 captabant.
2306 3816 2552 3889 Quinti·

460 3890 573 3972 gari
596 3926 614 3961 ,
667 3899 849 3969 quum
881 3885 974 3950 illa
1003 3891 1241 3971 admarq
1265 3896 1469 3964 nequa·
1523 3881 1699 3955 lianus
1723 3888 1786 3958 in
1815 3882 1996 3949 Instit.
2027 3906 2088 3967 p.
2120 3905 2248 3962 224.
2288 3894 2359 3950 Et
2376 3891 2553 4024 feam

2385 3986 2458 4025 νο
2482 3989 2549 4024 u-
