2703 4573
467 281 644 403 '483
975 281 1253 399 JuLn
1315 280 1754 370 Fanum
1818 276 2080 365 MAT.

480 421 615 494 bus
698 417 960 493 erversa
990 417 1395 517 poscuntur.
1426 418 1669 516 Capta
1705 440 1903 489 mens
1941 410 2306 510 languoris
2346 411 2558 503 vitio}

484 540 644 598 mor
693 538 892 589 orum
932 514 1196 610 semper
1226 533 1596 613 augmenta
1628 510 1961 585 desiderat
1992 566 2011 594 ,
2082 519 2106 559 ¹-
2133 511 2209 582 &
2261 509 2559 581 medelas

485 610 832 690 artificum
874 608 1181 706 aspernat
1232 634 1312 683 ac
1361 609 1746 684 contemnit
1779 664 1799 692 ,
1865 602 2125 700 respuit
2168 603 2561 678 remedium

485 705 849 780 medicinae
881 760 906 795 ‚
971 705 1047 782 δί
1085 705 1156 776 in
1192 704 1482 779 exitium
1518 702 1713 777 suum
1747 700 1968 798 prona
2000 699 2442 774 animofitate
2471 696 2567 769 fe-

486 799 715 881 stinat.
764 802 979 881 Tunc
1011 798 1061 869 fi
1094 799 1353 872 malum
1389 800 1615 873 morbi
1646 797 1891 875 fortius
1912 795 2262 882 creverit,
2310 795 2567 888 majora

479 896 792 974 remedia
828 914 1235 991 quaeruntur
1277 950 1302 984 ,
1370 897 1442 967 Sc
1495 917 1622 990 pro
1673 892 1885 964 salute
1933 890 2242 964 hominis
2280 888 2571 961 sollicita

488 990 739 1069 fortius
766 988 831 1061 se
869 989 1209 1063 medicina
1244 991 1562 1086 opponit.
1664 986 1907 1083 Asperi
1949 986 2135 1075 cibi,
2185 986 2405 1061 amari
2452 1008 2570 1080 po·-

490 1103 607 1158 tus
641 1085 1035 1158 nolentibus
1070 1085 1526 1181 ingeruntur:
1594 1084 1667 1156 &
1704 1082 1754 1154 fi
1791 1081 2232 1159 convaluerit
2262 1080 2572 1170 malum,

492 1179 570 1261 δε
608 1180 786 1277 ignis
819 1180 1181 1261 adhibetur
1217 1182 1291 1253 δε
1326 1178 1611 1257 ferrum,
1677 1177 1792 1252 Sic
1828 1178 2042 1248 homo
2075 1177 2365 1275 recepta
2401 1177 2575 1248 sani-

491 1293 630 1349 tate
666 1277 740 1348 &
778 1274 990 1347 salute
1031 1274 1155 1346 fibi
1190 1274 1457 1347 reddita
1496 1331 1516 1361 ‚
1579 1271 1916 1372 quicquid
1961 1274 2371 1366 aegrotantis
2422 1296 2575 1343 cor-

488 1368 681 1465 poris
717 1368 891 1441 vitio
929 1370 1187 1442 invitus
1219 1370 1442 1464 pass‘us
1479 1369 1612 1454 est,
1658 1370 1793 1440 hoc
1827 1383 2059 1446 totum
2101 1392 2237 1463 pro
2275 1367 2575 1442 utilitate
2638 1400 2639 1405 ¹

491 1463 616 1539 sua
641 1461 909 1536 faustum
945 1465 1115 1553 effe,
1166 1463 1397 1537 stantis
1430 1467 1640 1536 animi
1669 1462 1932 1561 judicio
1964 1462 2374 1535 confitetur.
2436 1467 2577 1533 Ac-

494 1559 706 1655 cipite
749 1559 952 1631 etiam
987 1617 1006 1644 ,
1077 1559 1478 1635 sacrosancti
1524 1558 1880 1655 Principes
1917 1613 1939 1645 ‚
2001 1557 2290 1637 nomina
2324 1579 2576 1629 eorum

498 1654 643 1752 qua
670 1653 825 1726 sunt
855 1656 1116 1728 ratione
1144 1653 1567 1750 composita3
1613 1654 1852 1726 lumen
1888 1651 2062 1737 hoc,
2112 1654 2307 1748 quod
2345 1650 2577 1724 homi·
2638 1680 2639 1741 ᾗ

496 1750 915 1845 nibusjusl'u
960 1751 1153 1840 Dei,
1210 1748 1464 1846 fugatis
1500 1748 1799 1830 tenebris
1831 1748 2015 1820 diem
2055 1747 2330 1839 reddit,
2382 1745 2577 1845 quod
2638 1820 2639 1825 ,

496 1867 626 1939 per
664 1844 1032 1917 duodecim
1077 1845 1400 1922 horarum
1444 1844 1650 1942 spatia
1691 1841 1924 1915 cursus
1964 1842 2063 1915 sui
2101 1843 2433 1916 ordinem
2478 1840 2579 1914 di-

496 1937 692 2034 rigit,
713 1938 922 2012 solem
962 1940 1100 2013 dici
1136 1940 1553 2031 voluerunt,⁶
1602 1965 1741 2011 non
1762 1940 1921 2033 quia
1941 1937 2119 2011 solus
2156 1938 2287 2029 est,
2307 1959 2395 2011 ut
2426 1937 2580 2033 qui-

500 2034 659 2105 dam
698 2032 975 2117 volunt2
1040 2037 1200 2131 quia
1233 2034 1327 2107 ibi
1366 2037 1438 2108 &
1473 2035 1734 2115 coelum
1774 2032 1870 2104 est
1912 2035 1985 2106 &
2024 2034 2188 2104 luna
2228 2089 2253 2123 ,
2321 2037 2403 2106 &
2453 2032 2579 2103 alia

499 2127 800 2224 plurima
833 2131 1070 2226 sydera
1107 2156 1263 2228 quae
1298 2130 1650 2213 videmuS,
1699 2153 1785 2200 ex
1818 2129 2071 2222 quibus
2092 2129 2418 2224 quaedam
2446 2125 2580 2201 uni

499 2224 671 2302 serie
710 2280 729 2309 ,
796 2227 868 2297 &
916 2227 1330 2299 cohaerentia
1362 2245 1692 2323 perpetua
1728 2223 2068 2320 simulque
2104 2224 2437 2320 copulata
2474 2224 2581 2296 lu·

503 2337 713 2408 cent,
757 2319 885 2389 alia
919 2338 1070 2393 toto
1099 2321 1313 2417 sparsa
1342 2322 1528 2401 coelo
1565 2342 1778 2417 vagos
1817 2321 2053 2391 cursus
2094 2318 2227 2391 suis
2272 2321 2581 2392 metiun-

503 2429 622 2486 tur
656 2413 1030 2498 erroribus2
1132 2428 1155 2456 ²
1178 2416 1312 2489 Sed
1351 2417 1507 2488 ideo
1542 2417 1662 2489 Sol
1698 2413 2081 2510 appellatur
2118 2471 2139 2497 ,
2199 2416 2371 2511 quia
2416 2437 2576 2487 cum

502 2526 700 2586 ortus
740 2505 989 2599 fuerit,
1034 2508 1408 2594 obscuratis
1448 2510 1708 2582 caeteris
1737 2510 2088 2605 syderibus
2123 2510 2351 2582 luceat
2377 2510 2578 2581 solus.

502 2600 719 2676 Luna
771 2604 971 2683 etiam
1026 2604 1173 2681 haec
1223 2607 1459 2677 eadem
1517 2604 1794 2678 Lucina
1834 2605 1872 2675 εὶ
1907 2604 2258 2678 nocturno
2315 2605 2586 2678 lumine

505 2722 769 2771 nomen
811 2700 1097 2796 accepit.
1194 2701 1405 2781 Hanc
1452 2702 1654 2773 etiam
1698 2698 1979 2796 quidam
2026 2699 2167 2771 dici
2201 2701 2585 2773 voluerunt

504 2793 802 2868 Dianam
825 2850 846 2879 ‚
896 2795 1084 2890 quod
1126 2819 1246 2889 per
1284 2794 1560 2868 noctem
1593 2796 1830 2866 lucens
1862 2794 2264 2867 hominibus
2285 2797 2583 2868 alterum

503 2911 685 2985 pene
719 2889 901 2966 diem
946 2887 1166 2969 faciat.
1264 2892 1328 2964 A
1358 2889 1659 2966 'natando
1699 2888 2120 2982 Neptunum
2165 2890 2309 2968 dici
2343 2890 2587 2964 volue-

508 3000 676 3058 runt
700 3039 724 3072 ‚
773 3008 860 3055 ex
899 2982 1031 3054 hoc
1066 2984 1255 3079 quod
1293 2985 1589 3058 libenter
1614 2981 1953 3057 faciebant
1990 2984 2439 3059 substantiam
2460 3009 2588 3057 no·-

506 3074 711 3149 minis
752 3078 1151 3171 figurantes.
1222 3080 1606 3154 Terrenam
1645 3080 1788 3153 vim
1825 3081 2106 3151 omnem
2150 3099 2365 3175 atque
2394 3100 2583 3153 natu-

504 3192 695 3259 ram,
744 3172 987 3248 Ditem
1026 3192 1289 3267 patrem
1325 3175 1607 3260 dicunt3
1659 3173 1820 3268 quia
1860 3174 2008 3246 haec
2046 3174 2143 3245 est
2184 3197 2435 3248 natura
2455 3194 2586 3247 ter-

505 3287 645 3347 rae,
688 3284 770 3338 ut
808 3269 882 3339 &
926 3267 1232 3348 recidant
1267 3268 1342 3341 in
1375 3268 1830 3353 eam'omnia‘,
1881 3270 1956 3341 δε
1993 3268 2352 3343 rursus'ex
2377 3272 2454 3346 ea
2479 3294 2587 3342 ora

507 3377 581 3438 ta
617 3362 993 3461 procedant
1028 3418 1050 3448 ‚
1118 3385 1276 3472 quae
1317 3387 1424 3437 res
1464 3362 1892 3466 opulentiam
1934 3382 2134 3444 terrae
2176 3364 2580 3462 divitiasque

1271 3481 1278 3502 ³
2390 3484 2583 3534 mon-

1571 3607 1777 3663 omnia
1798 3603 1939 3681 apud
1951 3606 2069 3664 Cic.
2093 3628 2149 3665 ι.
2172 3606 2243 3666 de
2257 3609 2580 3669 Nat.Deot.

1576 3681 1900 3758 Olympiod.
1936 3683 1993 3739 iu
2009 3683 2145 3770 Plat3
2173 3683 2582 3768 Alcibudfflul-

588 3617 620 3661 1
660 3605 728 3660 Et
752 3605 967 3672 medelaes
983 3606 1241 3682 artg’ficum
1264 3604 1512 3759 ‘'fel-'²7¹⁶‘

1571 3775 1724 3844 8⁶¹¹?ss
1749 3765 1804 3841 ὅ(
1823 3756 1984 3851 35οᾓ

504 3681 595 3733 ἑω-
608 3677 913 3760 contemnit]
962 3680 1237 3740 Eruenda.-
1260 3695 1294 3740 ιι
1316 3697 1511 3760 pernas

497 3763 564 3810 lc
596 3758 890 3811 contemnit.

521 3837 528 3864 2
577 3846 632 3884 2-
652 3830 762 3889 Sed
775 3829 991 3908 ideosot
1004 3807 1333 3912 appetentur]
1377 3836 1511 3917 Haee

2334 3903 2585 4016 ,εὴ
