2703 4573
662 234 1728 331 PRAEFATIO.

182 404 454 518 Qippe
503 401 901 521 deplorans
955 404 1142 490 nulli
1195 409 1608 491 etiamnum
1660 402 1971 490 editioni
2021 404 2249 491 adne-

189 544 347 599 xam
384 513 603 602 illam
624 517 940 633 fulgere
974 576 1002 618 ‚
1055 525 1256 634 quod
1292 536 1493 602 certe
1509 518 1929 628 flagitabat
1962 517 2249 605 debiri-

190 653 275 711 na
314 632 457 745 ejus
483 631 585 725 &a
626 630 1033 747 certiffima
1067 628 1534 742 confirmatio
1552 635 1760 712 vocis
1785 632 2249 715 Minucianae

193 756 333 821 tam
367 740 717 826 ridicula*
758 749 1136 828 varietate
1167 742 1261 827 ab
1282 742 1605 855 summis
1639 746 1843 826 viris
1877 748 2102 826 etiam
2140 742 2250 828 ad

182 850 370 935 hunc
388 852 614 968 usque
658 854 857 940 diem
876 853 1221 940 laceratae
1243 907 1272 949 ,
1326 850 1611 965 locosuo
1625 853 2021 968 interposui
2038 908 2065 953 ,
2121 850 2256 938 vel

179 963 329 1044 ideo
337 966 871 1076 prestantium
909 970 1133 1083 hujus
1152 965 1497 1049 editionis
1492 964 1863 1080 spondens
1900 971 2249 1079 agnitum

174 1076 292 1157 iri.
351 1077 502 1160 Sed
578 1079 937 1191 attgabat
971 1085 1170 1163 ratio
1205 1097 1562 1164 notarum
1600 1133 1629 1175 ,
1682 1105 1915 1192 quum
1958 1078 2057 1173 ἄν
2080 1098 2249 1163 tra-

180 1179 441 1270 laticiae
478 1188 635 1274 ilae
657 1247 687 1290 ,
744 1198 957 1275 toties
981 1214 1118 1303 per
1156 1211 1354 1303 typos
1407 1189 1742 1303 repetitae
1773 1190 2101 1304 Junc‘tim
2143 1190 2243 1286 dr

158 1295 576 1409 fiparatim
612 1303 825 1415 satis
862 1299 1381 1412 multiplicatae
1437 1299 1693 1385 videri
1725 1300 2004 1414 peffent
2039 1360 2068 1402 ,
2147 1302 2249 1397 dy

170 1428 328 1520 prae
376 1408 529 1495 illis
584 1411 998 1526 maluiffi’m
1035 1436 1171 1527 pro
1216 1418 1430 1497 inore
1483 1411 1779 1528 aliquid
1837 1410 2184 1515 Salmasii
2218 1470 2251 1514 ‚

170 1541 397 1631 prout
430 1530 513 1608 in
574 1527 1042 1631 Bibliotheca
1082 1436 1492 1643 Hssinfiana
1541 1544 1714 1640 pag.
1761 1553 1890 1635 94.
1965 1526 2257 1635 exstitit
2353 1520 2363 1530 '

183 1631 405 1717 editio
458 1636 898 1723 Heraldina
939 1695 965 1736 ,
1043 1655 1310 1722 notata
1380 1637 1871 1750 chirographo
1933 1641 2254 1721 maximi

186 1740 384 1828 illius
419 1755 593 1833 viri
632 1781 665 1843 ;
722 1769 864 1834 ant
901 1748 1115 1833 Frid.
1156 1751 1597 1833 Brammeri
1641 1808 1664 1844 ,
1718 1747 1807 1831 de
1846 1775 1992 1862 quo
2032 1747 2256 1859 testa-

193 1872 319 1940 tur
339 1861 905 1974 Carpzoviana
937 1884 1111 1975 pag.
1147 1888 1315 1971 193.
1376 1877 1519 1945 aut
1556 1860 1880 1945 Henrici
1917 1860 2211 1977 Ernstii
2229 1917 2261 1961 ‚

205 1971 388 2053 inter
422 1977 645 2084 cujus
680 1972 1165 2079 inchoata&
1203 1969 1482 2081 affet'z‘a
1515 1976 1828 2089 ponitur
1867 1974 2258 2057 Minucius

208 2077 323 2160 hic
369 2111 529 2168 cum
590 2083 1306 2181 stnnotationibus.
1442 2083 1919 2180 2Accedebat
1956 2140 1982 2181 ‚
2109 2083 2259 2168 nod

200 2204 554 2303 quamvis
622 2195 803 2281 adeo
878 2195 1274 2279 abundans
1346 2215 1700 2288 notarum
1754 2113 2110 2311 adspersa
2169 2201 2254 2278 in

198 2307 621 2392 Minucium
662 2307 894 2420 effusa
927 2307 1070 2412 fit,
1125 2305 1600 2391 nihilominus
1618 2312 1767 2392 vix
1801 2313 2072 2392 mentio
2087 2306 2257 2416 fiat

199 2440 444 2501 eorum
468 2477 493 2516 ,
512 2424 746 2535 quiin
761 2424 1023 2505 variis
1025 2419 1336 2534 scriptis
1334 2417 1754 2533 separatim
1773 2417 2063 2536 aliquid
2086 2421 2251 2503 Mi-

198 2537 598 2615 nacionum
633 2538 883 2616 conati
897 2530 1091 2643 sunt
1132 2531 1537 2617 trattando
1576 2529 1821 2615 lenire.
1943 2535 2258 2645 Atqui

196 2667 352 2725 non
384 2644 463 2726 hi
480 2640 619 2753 soli
650 2640 1129 2754 illustravzffi
1148 2643 1574 2727 Minucium
1611 2663 1751 2728 aut
1770 2641 1873 2726 ad
1903 2662 2256 2752 eumper-

199 2758 440 2838 tinere
492 2753 784 2841 dicendi
815 2754 1011 2867 sunt
1050 2811 1076 2851 ‚
1133 2761 1266 2869 qui
1318 2753 1714 2838 ediderunt
1776 2754 1873 2850 όν
1909 2758 2107 2853 ,notis
2155 2781 2250 2839 ex

185 2864 505 2979 professo
546 2867 641 2962 ὅγ’
678 2867 964 2954 άίνεὲἵο
977 2864 1141 2977 scri
1190 2872 1289 2951 tis
1309 2865 1673 2980 prosecuti
1684 2866 1881 2980 sunt
1911 2863 2254 2979 praefixis

196 2979 608 3064 nominibus
646 3036 671 3077 ,
724 3007 890 3094 quae
922 2890 1224 3092 prorylls
1254 3003 1625 3084 jveneror,
1685 2976 2102 3074 &labores
2139 3006 2253 3062 eo-

197 3116 369 3175 rum
411 3089 800 3202 exosculor.
913 3091 1061 3175 Sed
1099 3098 1178 3174 in
1208 3088 1526 3199 diversts
1544 3091 1883 3199 operibus
1921 3089 2253 3173 advoca-

196 3222 293 3286 tae
332 3197 425 3288 ex
489 3204 824 3288 Minucio
857 3221 1129 3313 partes
1180 3200 1739 3317 adJuvantur‘5
1803 3201 1899 3295 ὠν
1959 3201 2257 3313 quidem

190 3319 306 3399 ita
351 3373 378 3415 ,
426 3332 520 3397 ut
554 3340 697 3399 non
732 3315 1117 3398 debuerint
1151 3312 1467 3424 neglecte
1500 3313 1761 3397 haberi
1809 3369 1835 3410 ,
1885 3311 2063 3421 sive
2097 3338 2254 3397 cer-

191 3446 358 3513 tam
392 3447 593 3538 opem
629 3426 913 3540 adeptae
953 3488 984 3522 ,
1016 3424 1190 3534 five
1227 3425 1330 3509 ad
1370 3422 1664 3537 aliquid
1702 3423 2256 3509 emeditandum

189 3545 604 3624 excitantes
658 3536 1027 3649 legentem.
1161 3536 1402 3620 Immo
1453 3541 1812 3619 neminem
1880 3534 2184 3647 istorum
2221 3595 2250 3637 ,

188 3656 325 3766 qui
364 3647 627 3734 literas
677 3648 1060 3733 coluerunt
1098 3705 1124 3745 ,
1180 3654 1433 3762 opinor
1492 3667 1653 3732 tam
1689 3646 2019 3758 ‚studiose
2075 3650 2252 3734 huic

189 3766 532 3853 Minucio
552 3758 921 3872 adhaestffe
944 3817 971 3878 2
1005 3787 1233 3875 quam
1233 3757 1731 3983 fuitflpriffi
1734 3787 1899 3844 mus
1916 3761 2254 3956 Joassnes

2053 3915 2056 3916 f
2146 3899 2254 3957 rz-
