2703 4573
707 193 1804 321 DEDJCATJQ

168 362 490 447 Tuum
547 361 760 454 adeo
818 391 978 461 non
1031 364 1566 459 dememiniss‘e
1603 420 1630 462 ,
1711 385 1801 447 ut
1860 361 2280 481 gratissime

185 476 696 570 recordetur,
2027 512 2028 519 Ν

313 589 581 670 Porro
625 588 896 711 legens
955 586 1518 701 confessionetn
1563 589 1905 672 Minucii
1944 587 2109 699 ipsa
2151 589 2275 668 O-

197 696 448 787 &avii
519 701 1021 818 cogitatione
1094 699 1196 789 fic
1275 703 1664 782 commoti
1723 758 1751 798 ‚
1843 721 1934 782 ut
2010 699 2277 783 videa-

185 831 341 898 tur
405 839 562 893 non
618 812 1168 900 recordatione
1221 838 1586 899 revocare
1640 840 1728 910 ea
1798 839 1977 920 quae
2035 808 2278 892 trans-

172 922 369 1009 asta
429 929 509 1010 &
570 920 891 1009 decursa
959 921 1134 1013 sunt·
1181 983 1202 1015 ,
1296 921 1431 1010 sed
1502 922 2102 1030 quodammodo
2159 950 2279 1003 re·-

173 1034 369 1114 dire
427 1034 515 1115 in
569 1034 964 1143 praeterita
1018 1077 1043 1128 ς
1116 1034 1787 1141 quemadmodum
1865 1035 2275 1120 continere

176 1142 521 1261 poss‘um
563 1200 590 1242 ,
665 1165 753 1226 ut
794 1172 951 1225 non
996 1143 1239 1232 fatear
1275 1143 1628 1235 {imiliter
1670 1172 1796 1227 me
1835 1143 2037 1227 affici
2088 1158 2116 1224 ἓ
2189 1152 2272 1226 δε

175 1278 433 1338 tanto
476 1257 822 1344 vivacius
850 1311 875 1356 ‚
931 1279 1229 1364 quanto
1250 1258 1619 1344 citerius?
1674 1256 1992 1365 quoties
2032 1256 2117 1336 id
2160 1256 2269 1336 le-

179 1368 476 1487 gendo
520 1391 798 1479 repeto
842 1422 868 1463 ,
926 1391 1015 1447 ut
1074 1366 1486 1478 transferar
1544 1367 1643 1456 ad
1693 1369 1897 1455 aedes
1945 1365 2273 1454 Illustris
2385 1408 2396 1416 ·

177 1481 610 1588 quondam
671 1478 1351 1566 HALEWINII
1394 1538 1414 1568 ,
1477 1483 1555 1558 δε
1611 1477 1815 1568 inter
1879 1477 2269 1560 sermones

172 1588 510 1677 nostros
565 1617 878 1681 cernam
957 1588 1086 1670 Te
1141 1591 1337 1672 illuc
1406 1589 1778 1678 accedere
1845 1588 2316 1698 plusquam'

172 1702 542 1789 humana
575 1700 885 1787 fiducia
919 1702 1344 1783 animatum
1388 1700 1468 1785 in
1524 1698 1818 1783 summa
1860 1701 2269 1810 utriusque

181 1815 555 1905 nostrfim
617 1814 1140 1901 admiratione
1178 1869 1203 1909 ,
1278 1836 1372 1892 ut
1432 1810 1826 1921 postrema
1862 1811 2264 1921 salutatio-

192 1952 300 2015 ne
324 1925 632 2034 pei-asta
655 1979 681 2019 ,
725 1923 1204 2035 postponens
1242 1923 1540 2003 incerta
1577 1925 1806 2021 maris
1843 1928 1924 2002 δε
1967 1925 2262 2006 nullam

207 2036 452 2118 aleam
495 2035 974 2130 admitten5‚
1028 2035 1496 2145 tripudiares
1539 2034 1719 2115 Deo
1757 2035 1960 2117 duce
1996 2036 2097 2116 ad
2136 2061 2267 2115 na-,

188 2173 328 2229 ves
366 2149 893 2231 comitaturus
957 2144 1742 2241 WILHELMUM
1782 2149 1883 2229 ad
1923 2147 2263 2235 maculas

187 2260 426 2349 avitis
475 2257 735 2370 regnis
781 2257 1232 2350 eximendas
1277 2258 1848 2366 trajicientem?

308 2372 518 2453 Haec
536 2397 787 2479 quum
825 2367 999 2477 post
1037 2368 1241 2450 illud
1265 2391 1576 2475 tempus
1600 2369 1790 2451 mihi
1812 2399 1971 2481 prae
1986 2369 2263 2452 stiterit

187 2481 439 2570 lectio
480 2479 1058 2563 elaboratissimi
1095 2482 1323 2587 hujus
1369 2481 1736 2593 Dialogi,
1799 2483 1854 2561 fi
1880 2510 2001 2563 me
2019 2510 2262 2579 amaS,

192 2619 466 2675 amare
506 2595 732 2688 etiam
771 2591 999 2676 illum
1039 2619 1255 2680 novo
1296 2593 1645 2700 quodam
1685 2619 1952 2674 amore
1988 2594 2259 2688 debeS,

196 2710 276 2788 δε
337 2706 549 2787 hanc
603 2714 765 2812 ejus
821 2703 1094 2785 dotem
1149 2700 1423 2787 faciem
1491 2731 1588 2783 ue
1624 2705 1957 2785 comitet
1991 2731 2081 2787 ac
2123 2707 2257 2784 be·-

200 2818 443 2925 nigne
483 2817 851 2925 excipere
897 2859 914 2906 ;
976 2815 1397 2924 praesertim
1430 2729 1490 2895 ἓ
1531 2814 1969 2898 confideres
2010 2844 2133 2896 me
2172 2843 2251 2894 e-

196 2929 502 3011 reehim
558 2926 702 3010 hac
759 2925 931 3007 Tui
984 2926 1530 3013 admonitione
1605 2926 1653 3036 ζ
1676 2926 1864 3009 huic·
1914 2930 2122 3008 enim
2161 2927 2249 3008 id

200 3041 489 3124 merito
542 3036 1097 3146 attribuerim)
1169 3044 1247 3122 &
1292 3040 1682 3118 laetantem
1737 3037 2074 3148 potuisse
2112 3038 2254 3123 ali..

203 3151 398 3262 quid
439 3149 637 3231 boni
675 3147 1032 3230 conferre
1069 3170 1588 3234 monumento
1627 3146 1751 3228 isti
1779 3147 2252 3235 Ecclesiasti-

205 3290 297 3348 co
336 3263 547 3344 inter
611 3260 884 3350 Latina
918 3260 1056 3350 uni
1110 3286 1211 3340 ex
1252 3258 1683 3348 veterrimis
1720 3266 1800 3339 δε
1836 3259 2278 3362 ειιῑιοεεηίίῑῖ-ιιΑ

205 3403 325 3456 me
356 3370 841 3480 compositoq
954 3372 1167 3456 Deus
1211 3369 1529 3460 salutem
1576 3370 1840 3452 Tuam
1880 3399 1971 3452 ac
2014 3372 2250 3452 Tuo..

205 3513 368 3570 rum
409 3539 437 3581 ,
501 3484 629 3574 vel
669 3485 811 3593 qui
848 3508 1105 3590 prope
1156 3480 1333 3562 funt
1372 3536 1402 3577 ,
1476 3481 1608 3563 vel
1644 3508 1848 3589 quos
1905 3484 1988 3564 in
2028 3510 2254 3593 pere-

253 3597 727 3680 rinationem
803 3590 1068 3676 mifisti
1125 3646 1152 3686 ,
1225 3591 1854 3679 commendatam
1909 3594 2186 3675 habeat
2230 3616 2255 3674 ει

204 3624 572 3825 ῗυὲἆιιηί
649 3704 756 3800 ad
849 3703 1224 3799 Rhenum
1294 3702 1481 3813 ipfis
1578 3703 1857 3796 Nonis,
1992 3730 2250 3806 anuar.

210 3850 323 3913 cra
355 3852 447 3911 ια
480 3843 733 3907 cclx.
1307 3823 1367 3872 ³¹⁶
1417 3841 1485 3934 4,
2010 3816 2268 3908 ΚΕ..
