2703 4573
503 171 532 198 0
793 180 820 211 u

679 301 1559 406 ‚Ue-rivium
2072 338 2315 426 ¹¹7,

165 437 271 534 yel
304 436 646 513 Protefilai
679 441 854 514 sorte
889 442 1248 524 remeavit,
1302 441 1629 536 horarum·
1660 442 1883 516 saltem
1910 446 2230 541 permisso

172 557 540 630 commeatu
562 591 583 623 ,
630 538 741 609 vel
778 558 859 608 ut
889 540 1205 636 exemplo
1242 537 1669 610 crederemus
1706 540 1735 610 ?
1805 539 2064 613 Omnia
2108 542 2232 614 ista

172 630 484 727 figmenta
512 630 858 704 malesanae
900 633 1238 729 opinionis
1277 688 1297 715 ,
1360 633 1433 702 &
1465 635 1693 728 inepta
1730 633 1957 706 solatia
1993 635 2030 705 a
2062 640 2231 732 po‘e'-

173 725 247 795 tis
279 723 621 797 fallacibus
663 727 733 798 in
775 727 1134 801 dulcedine
1169 727 1482 800 carminis
1522 726 1657 800 lusa
1690 785 1711 817 ‚
1767 741 1785 771 ¹
1813 730 1851 800 a
1887 728 2082 801 vobis
2125 730 2230 802 ni'-

172 821 407 892 mirum
452 821 863 930 credulissin
919 828 1154 898 Deum
1207 821 1505 897 vestrum
1541 824 1827 921 turpiter
1870 823 2234 898 reformata

176 914 338 990 sunt.

255 1010 414 1083 XII.
463 1023 489 1057 ²
513 1012 596 1083 N
597 1037 676 1086 ec
702 1013 934 1087 saltem
971 1013 1055 1088 de
1094 1013 1532 1113 praesentibus
1555 1014 1786 1110 capitis
1808 1014 2237 1112 experimcnss

168 1123 304 1178 tum
329 1162 351 1197 ‚
401 1130 609 1214 quam
638 1133 764 1182 vos
799 1111 1012 1195 irritae
1047 1108 1550 1210 pollicitationis
1593 1121 1617 1170 3
1644 1110 1810 1188 cassa
1851 1129 2011 1183 vota

168 1369 224 1418 ac
249 1371 586 1431 nequaquam
616 1351 871 1414 omiffum
893 1355 992 1422 iri,
1037 1374 1155 1430 per·

173 1428 286 1484 inde
317 1447 373 1486 ut
412 1432 471 1486 in
515 1448 604 1486 tot
640 1433 760 1488 aliis
792 1432 923 1488 locis
956 1432 1152 1489 exstat.

170 1504 305 1564 Nam
344 1512 395 1562 &
424 1503 601 1562 Paffio
630 1510 897 1582 Perpetuae
936 1525 997 1564 ac
1026 1508 1158 1568 Feli-

166 1580 326 1636 citatis
353 1600 478 1657 pag.
508 1602 568 1641 7.
607 1580 795 1645 habet:
823 1586 1010 1639 Paucis
1022 1585 1161 1640 horis

166 1653 751 1733 emiffi‚&Propertius.
799 1699 816 1716 .
860 1697 876 1714 .
915 1673 1158 1714 memento

166 1732 424 1789 Venturum
443 1737 630 1807 paucis
656 1751 733 1792 me
761 1736 859 1790 tibi
887 1732 1159 1810 Luciferis.

166 1807 334 1865 Livius
356 1827 400 1874 1,
423 1826 512 1885 57.
556 1810 857 1865 Collatinus
872 1824 1024 1885 negat
1039 1828 1158 1866 ver·

170 1884 368 1958 bis'opus
388 1881 482 1960 effi
506 1921 524 1948 ,
567 1887 746 1960 paucis
769 1889 832 1940 id
850 1888 1050 1957 quidem
1072 1887 1161 1942 ho·

169 1961 239 2014 ris
267 1957 389 2035 poffl
410 1958 578 2035 fiiri.
660 1961 802 2035 Qae
853 1966 908 2017 δε
963 1957 1161 2018 similia

169 2051 323 2108 quum
347 2036 397 2092 ei
419 2033 764 2094 obhaererent
794 2071 814 2099 ,
877 2034 1035 2093 ausus
1056 2033 1161 2096 fuit

171 2108 358 2166 censere
380 2111 551 2167 etiam
585 2129 733 2167 nunc
750 2112 826 2168 ita
844 2112 1158 2172 Minucium

169 2180 626 2263 fuiffeloquutum.
669 2185 769 2243 Sed
795 2183 924 2243 ficut
946 2188 1022 2243 ibi
1048 2207 1160 2248 non

171 2261 419 2320 intercidit
446 2262 783 2337 adjectivum
812 2298 830 2327 ,
884 2281 981 2319 nec
1008 2261 1162 2321 debet

172 2335 345 2405 deleth
386 2342 461 2395 ita
489 2337 603 2400 hoc
626 2339 746 2401 loco
775 2358 872 2395 nec
886 2340 1041 2397 causa
1057 2337 1161 2396 fuit

170 2431 252 2469 eur
285 2415 528 2472 interiret
552 2452 572 2480 ,
643 2420 700 2470 &
737 2415 1004 2491 quoniam
1049 2434 1161 2472 non

174 2484 376 2549 habetur
407 2491 468 2547 in
495 2486 803 2548 eertissimae
830 2486 961 2546 fidei
984 2489 1158 2555 libro,

171 2565 318 2621 etiam
356 2568 552 2641 reponi
600 2583 776 2637 nequa
817 2584 947 2622 uam
986 2565 1161 2624 debet.

171 2641 304 2703 Nam
330 2659 420 2699 cur
445 2644 644 2699 auctor
671 2641 788 2696 omi
814 2643 917 2705 erit
938 2678 957 2704 ,
1012 2643 1165 2717 supe-

174 2716 299 2772 riora
319 2715 640 2783 ostendunt.
717 2715 816 2772 Sed
849 2714 918 2772 sic
946 2717 1165 2776 turbant

174 2788 251 2851 isti
309 2793 568 2850 militares
639 2793 876 2866 impetus
927 2790 1163 2855 furenter

172 2869 317 2942 capti.
391 2870 478 2924 Sic
526 2865 688 2935 ausus
725 2865 830 2923 fuit
865 2868 924 2923 in
964 2867 1158 2927 eodem

173 2942 432 3019 Propertio
455 2963 588 3021 pag.
622 2961 752 3015 3¹7·
780 2944 944 2998 citare
970 2945 1163 3006 Minu-

169 3012 302 3073 cium
353 3038 410 3075 ca
459 3061 473 3075 .
505 3037 647 3075 vrt.
700 3015 851 3094 quast
891 3014 1163 3092 scripfiss'et

159 3091 351 3169 ficurse
375 3038 707 3169 offenderant
724 3130 742 3157 ‚
785 3091 936 3169 quod
957 3090 1036 3150 est
1053 3099 1161 3150 Ur·

175 3166 265 3225 fini
293 3169 457 3239 Fulvii
486 3192 502 3227 ε
542 3187 695 3246 pag.
728 3188 857 3240 230.
887 3169 1160 3248 integrum

175 3240 341 3300 locum
361 3247 591 3304 notisex
611 3244 845 3301 Minucii
861 3262 978 3320 cap.
994 3265 1060 3309 xv
1074 3263 1095 3306 1
1110 3262 1132 3301 1
1148 3285 1161 3300 .

176 3316 391 3376 inserere
416 3359 434 3385 ‚
475 3321 573 3387 ubi
616 3318 913 3377 notabilem
956 3337 1164 3395 partem

177 3395 494 3467 praetermisit
518 3417 534 3452 ε
574 3414 646 3452 ex
672 3396 844 3472 capite
869 3412 961 3455 vri
981 3435 995 3449 .
1024 3399 1168 3469 equi-

178 3471 241 3523 n‘s
258 3469 339 3543 fui
362 3474 454 3528 vel
472 3474 608 3529 mole
627 3472 720 3527 vel
743 3478 893 3526 onere
917 3488 1030 3533 non
1044 3487 1168 3533 tan-

172 3558 284 3601 tum
332 3563 456 3623 pag.
499 3563 630 3618 275,
687 3542 776 3602 sed
826 3548 991 3601 etiam
1040 3552 1167 3611 348,

176 3621 361 3705 quippe
382 3639 672 3679 ocoecatns
684 3618 753 3678 ad
769 3618 900 3676 illud
921 3618 1168 3697 pulcher-

176 3711 372 3752 rimum
431 3698 642 3755 bonore.
717 3693 1043 3771 Ibidemque
1105 3698 1169 3756 de

173 3767 357 3840 smnio
387 3773 572 3847 plebeji
608 3774 825 3830 bominis
860 3789 991 3852 pag.
1039 3789 1165 3844 275.

179 3843 285 3935 ljlic
304 3844 389 3913 ille
412 3846 524 3933 ipse
549 3843 631 3919 est
652 3884 674 3919 2
714 3848 814 3938 qui
839 3864 1015 3933 quum
1046 3842 1172 3934 post

2047 1112 2233 1218 deci-

2021 1225 2235 1306 piant.

1233 1363 1387 1414 n‘otas
1413 1359 1469 1415 in
1493 1357 1887 1415 Sannazatium
1917 1357 2115 1413 merito
2140 1353 2236 1410 de-

1233 1432 1364 1490 risas
1390 1432 1804 1508 deprehenderet
1842 1452 1933 1489 me
1969 1429 2235 1488 discedere

1233 1511 1300 1570 ab
1330 1506 1696 1568 familiaritate
1725 1545 1742 1571 ‚
1782 1526 1950 1581 quarn
1978 1506 2236 1563 Francius

1237 1583 1514 1641 mihicum
1539 1603 1603 1640 eo
1630 1582 1993 1658 imposuerat,
2034 1583 2108 1637 ita
2122 1580 2237 1637 suc·

1234 1659 1443 1716 censere
1468 1659 1642 1735 potuit
1666 1695 1681 1722 ,
1738 1676 1797 1714 ut
1820 1662 1978 1714 omni
2010 1654 2237 1715 menda-.-

1234 1738 1444 1806 ciorum
1470 1736 1743 1792 calumnia
1769 1732 2060 1789 infamiam
2082 1732 2237 1788 suam

1234 1818 1288 1872 ὅ(
1335 1807 1604 1869 infrenem
1660 1811 1931 1867 calamum
1986 1811 2234 1883 aperiret.

1235 1887 1469 1964 Quoties
1496 1886 1582 1941 ille
1611 1885 1729 1954 jecit
1750 1904 1842 1940 me
1873 1891 1975 1944 διε.
2014 1882 2098 1941 led
2116 1883 2237 1937 abs-

1236 1964 1387 2017 tineo
1418 1981 1432 2016 :
1533 1963 1728 2032 Neque
1789 1961 1940 2015 enim
2019 1955 2234 2033 poss'um

1236 2037 1374 2095 ultra
1400 2036 1613 2111 perdere
1640 2035 1815 2092 literas
1840 2072 1855 2099 ,
1898 2043 1950 2091 δι
1980 2035 2063 2092 ille
2094 2049 2238 2088 nune

1236 2112 1369 2172 abiit
1397 2148 1414 2175 ,
1472 2131 1583 2187 quo
1622 2110 1900 2170 mendacia
1929 2118 1981 2167 ὅ(
2015 2106 2242 2165 menda-

1234 2189 1451 2243 ciorum
1496 2185 1778 2244 architesti
1818 2183 2238 2245 abstrahuntur,

1236 2261 1459 2322 &thane
1485 2260 1586 2320 esse
1612 2265 1778 2319 vitam
1809 2263 1963 2320 docet
1986 2257 2241 2336 exemplo

1236 2337 1332 2396 suo
1359 2339 1447 2396 hic
1475 2339 1746 2397 Caecilius.
1785 2341 2022 2397 Gronov.

1320 2433 1340 2469 1
1393 2421 1448 2473 A
1497 2417 1647 2472 vobis
1698 2419 1944 2472 nimirum
1981 2412 2239 2478 credulis]

1234 2492 1509 2553 Sententia
1546 2487 1779 2564 postulat
1811 2493 2026 2545 niunium
2065 2489 2245 2542 credu-

1235 2569 1303 2622 lis
1330 2603 1347 2630 ‚
1411 2563 1696 2641 quomodo
1745 2564 1915 2621 edidit
1959 2562 2245 2620 Gelenius.

1234 2640 1334 2699 Sed
1374 2641 1661 2697 lectionem
1715 2644 1888 2703 Rom.
1940 2637 2071 2694 edit.
2113 2638 2246 2711 quia

1241 2721 1364 2773 MS.
1422 2714 1563 2770 nihil
1614 2732 1788 2770 mutat
1812 2750 1829 2778 ,
1896 2713 2245 2770 retinuimus.

1236 2793 1462 2849 Herald.
1506 2791 1684 2846 Etiam
1705 2791 1927 2846 retinuit
1946 2786 2245 2866 RigaltiuS.

1241 2867 1404 2925 Unde
1432 2867 1599 2948 igitur
1626 2863 2244 2942 posterioribustantum

1237 2945 1370 3017 jutis
1399 2978 1416 3008 2
1477 2960 1536 2999 ut
1564 2938 1620 2998 id
1647 2960 1856 3007 mutare
1883 2960 1983 3017 pro
2017 2939 2246 2996 arbitrio

1239 3019 1533 3075 voluerint.
1623 3014 1862 3094 Reposui
1916 3017 2242 3091 antiquum.

1238 3095 1561 3150 Gronovius.

1321 3188 1353 3228 2
1393 3164 1691 3241 Necfirlrem
1702 3158 2236 3242 depraeseneibus&c.]

1239 3245 1539 3317 Tanquam
1570 3242 1667 3299 iste
1697 3244 1944 3300 Caecilius
1976 3260 2068 3297 eos
2090 3258 2251 3299 eom-2

1242 3336 1449 3397 pararet
1486 3319 1653 3388 Junio
1692 3316 1921 3384 Rustico
1946 3353 1964 3380 ‚
2015 3316 2112 3393 qui
2136 3316 2250 3375 im-

1245 3395 1577 3455 minentium
1620 3393 1819 3451 oblitus
1854 3393 2054 3448 incerta
2088 3407 2253 3464 pave-v

1243 3470 1333 3528 bat
1361 3507 1379 3534 ‚
1437 3466 1652 3543 ejusque
1679 3465 1947 3531 solertiam
1973 3464 2097 3521 ideo
2163 3482 2255 3521 ra-

1245 3564 1374 3607 vam
1390 3544 1619 3621 appellat
1641 3544 1867 3600 Tacitus
1891 3484 2158 3603 vannaii
2188 3558 2252 3625 4.

1245 3621 1569 3687 Gronovius.

1334 3715 1356 3760 ς
1380 3691 1536 3769 Cafflr
1547 3686 2146 3765 votae]Virgil.AEneid.
2162 3690 2261 3756 ης

1321 3771 1487 3843 Ds'xir
1510 3784 1738 3844 opemque
1772 3768 1873 3824 Dei
1898 3784 2000 3823 non
2025 3760 2160 3839 casta
2194 3766 2259 3824 in

1411 3857 1542 3915 vota
1566 3847 1810 3926 uocauit.
1839 3919 1900 3982 H
2070 3864 2073 3865 ⁷
2140 3913 2265 3982 Ubi
