2703 4573
500 216 644 297 DE
701 215 1099 300 ERRORE
1159 217 1443 299 PRoF.
1503 218 1847 310 Remo.
2063 249 2226 332 439

96 345 570 421 monstravit.
627 349 944 446 Frugurn
985 347 1419 422 substantiam
1458 351 1707 422 volunt
1737 351 2218 447 Proserpinam

97 445 365 516 dicere
407 468 429 530 3
477 443 636 542 quia
673 442 905 540 fruges
943 443 1385 530 hominibuS,
1453 470 1612 519 cum
1664 445 1787 541 seri
1831 450 2217 544 coeperint,

165 539 450 611 rosunt.
547 538 845 612 Terram
886 539 1095 633 ipsam
1137 539 1467 617 Cererem
1503 540 1910 632 nominant,
1959 560 2218 619 nomen

127 658 130 659 f
165 658 273 705 oc
311 632 351 704 ὲ
391 633 683 703 serendis
722 632 1062 706 fructibus
1101 654 1515 709 mutuatum.
1564 638 1681 708 Ex
1717 637 2062 710 bellorum
2107 664 2218 710 ca-

97 729 319 800 sibus
380 727 669 800 Mavors
726 751 983 800 nomen
1040 730 1303 825 accepit
1337 787 1362 820 ,
1445 729 1629 825 quali
1673 756 1932 828 magna·
1967 754 2213 806 vertat.
2312 732 2325 743 ⁸

104 822 468 895 Minerva
504 819 813 894 fimiliter
847 822 1174 895 bellicum
1215 840 1474 897 nomen
1517 825 1614 897 est
1638 883 1656 909 ,
1708 825 1894 921 quali
1930 847 2047 899 aut
2088 830 2219 899 mi-

101 935 304 991 nuat
367 937 486 988 aut
541 917 869 989 minetur.
967 919 1311 990 venustas
1345 920 1709 991 hominum
1756 920 1996 994 Venus
2033 921 2217 995 dicta

101 1013 257 1103 cst.
360 1011 707 1106 Apollinis
746 1037 999 1087 nomen
1036 1037 1123 1084 ex
1161 1012 1476 1086 humanis
1521 1014 1876 1087 finxerunt
1908 1016 2169 1091 casibus
2193 1075 2216 1107 ,

106 1110 453 1181 sermone
483 1109 741 1180 Graeco
765 1165 785 1197 ,
832 1107 1020 1202 quasi
1044 1109 1273 1179 omnia
1295 1109 1646 1181 commista
1668 1107 1836 1199 fibi,
1883 1130 1998 1186 aut
2020 1113 2221 1184 amit-

103 1222 222 1276 tat
279 1222 403 1273 aut
460 1204 721 1298 perdat.
819 1203 1055 1277 Solem
1100 1204 1303 1274 etiam
1351 1203 1632 1300 quidam
1674 1206 2073 1298 Apollinem
2112 1208 2218 1278 di-

114 1318 313 1373 cunt
342 1353 364 1384 ,
413 1300 573 1394 quia
593 1299 902 1392 quotidie
940 1300 1015 1368 in
1056 1296 1297 1368 occasu
1340 1299 1752 1370 constitutus
1787 1298 2218 1394 splendorem

104 1392 422 1466 luminis
457 1395 718 1487 perdat.
772 1394 1068 1465 Perdere
1103 1413 1331 1464 autem
1371 1393 1608 1466 Graeci
1645 1394 1917 1464 οἰπῦλλειν
1942 1397 2211 1468 dicunt.

105 1487 408 1563 Videtis
450 1508 530 1558 ut
573 1487 834 1560 vestros
879 1488 1243 1559 ementitos
1283 1491 1356 1561 δί
1401 1488 1693 1560 Γιᾶὶείοε
1734 1491 1925 1562 Deos
1970 1491 2221 1562 turbu-

106 1585 366 1656 lentus
405 1606 598 1655 error
632 1582 1131 1679 excogitaverit
1168 1638 1191 1672 ‚
1253 1603 1333 1656 ut
1381 1583 1973 1677 superstitionibus
2021 1586 2218 1655 anili..

113 1679 261 1752 bus
300 1679 378 1750 &
405 1677 649 1750 formae
688 1678 884 1750 vobis
921 1677 1186 1750 traditae
1227 1675 1387 1751 sunt
1417 1680 1491 1751 δε
1529 1679 1835 1750 nomina.
1892 1678 2026 1751 Sed
2068 1677 2218 1750 haec

115 1772 379 1846 omnia
420 1774 667 1846 veritas
705 1773 966 1844 detexit
994 1828 1013 1856 ,
1076 1776 1150 1846 ὅτ
1187 1774 1361 1845 ratio
1400 1772 1574 1844 sanae
1612 1772 1861 1845 mentis
1900 1773 2170 1846 invenit
2194 1830 2219 1864 ,

114 1889 203 1941 ut
236 1868 667 1965 investigatis
701 1869 1024 1940 omnibus
1055 1885 1264 1964 atque
1301 1866 1627 1956 deteffis,
1675 1892 1830 1964 quae
1854 1866 2219 1962 sacrilegus

118 1986 336 2036 error
366 1963 811 2035 absconderat
835 2019 857 2051 ,
904 1962 1204 2033 veritatis
1228 1958 1771 2036 semitaluceret.
1829 1962 2010 2033 Haec
2032 1966 2218 2034 enim

116 2057 373 2129 omnia
412 2082 573 2129 cum
604 2057 815 2130 ess'ent
837 2055 1011 2128 male
1034 2055 1440 2152 composita,
1470 2058 1714 2129 terrori
1736 2057 2037 2152 primum
2062 2054 2220 2129 fue-

118 2178 201 2224 re
242 2152 702 2225 mortalibus:
754 2151 1008 2222 dehinc
1051 2151 1458 2246 consumpta
1498 2151 1802 2224 novitate
1827 2206 1850 2240 ,
1897 2149 2084 2247 quasi
2126 2176 2214 2224 ex

121 2246 355 2347 longa
389 2246 801 2346 aegritudine
835 2246 1465 2320 convalescentibus
1502 2245 1899 2332 horninibus
1928 2301 1951 2335 ‚
2018 2265 2216 2320 natus

120 2346 226 2434 cst
267 2345 560 2440 quidam
598 2366 686 2415 ex
725 2341 1174 2415 admiratione
1210 2353 1670 2438 contemptus.
1713 2342 1827 2416 Sic
1866 2342 2218 2437 paulatim,

127 2442 333 2535 quod
382 2438 696 2535 stupebat
723 2437 1030 2524 animus,
1082 2435 1279 2509 ausus
1316 2436 1414 2509 est
1451 2438 1820 2533 diligenter
1849 2437 2220 2532 inquirere,

128 2537 207 2608 δε
269 2534 503 2606 statim
563 2534 634 2605 in
688 2556 928 2604 arcana
968 2530 1286 2603 fictarum
1326 2556 1406 2603 ac
1439 2554 1769 2604 vanarum
1802 2530 2222 2627 superstitio..

131 2654 311 2703 num
360 2629 561 2726 sagax
606 2626 785 2699 milit
824 2625 1202 2723 ingenium.
1249 2627 1324 2698 T
1330 2650 1467 2697 unc
1499 2648 1587 2697 ex
1621 2624 1886 2696 affiduis
1917 2625 2222 2695 tracian-

129 2723 265 2796 bus
314 2724 681 2796 latentium
725 2723 984 2793 ratione
1020 2719 1315 2794 collecta
1354 2720 1667 2816 pervenit
1698 2719 1780 2789 ad
1824 2717 2089 2807 causas,
2141 2736 2223 2790 ut

131 2818 588 2915 profanarum
647 2816 1061 2912 religionum
1119 2812 1496 2887 miseranda
1543 2817 1937 2900 ‘commenta
1977 2812 2221 2885 huma·-

133 2939 313 3001 num
362 2938 581 3011 genus
617 2913 918 3009 primum
959 2908 1249 2983 disceret
1282 2911 1357 2983 &
1400 2909 1648 2983 deinde
1697 2927 2170 2981 contemneret
2196 2963 2220 2997 ,

137 3011 352 3082 tertio
382 3007 738 3081 recusaret.
791 3006 1006 3080 Libet
1026 3028 1214 3078 nunc
1230 3004 1622 3100 explanare,
1654 3001 1905 3099 quibus
1925 3001 1989 3073 se
2014 3000 2224 3099 signis

133 3105 254 3176 vel
301 3103 561 3199 quibus
604 3102 929 3199 symbolis
970 3100 1042 3170 in
1081 3098 1236 3195 ipsis
1269 3096 1857 3195 superstitionibus
1899 3097 2223 3168 miseran-

135 3197 227 3270 da
259 3199 632 3272 hominum
673 3196 872 3270 turba
906 3218 990 3267 co
1045 3193 1299 3266 noscat.
1398 3191 1685 3264 Habent
1725 3192 1908 3264 enirn
1948 3192 2227 3287 propria

127 3290 376 3388 ⁴signa,
426 3291 702 3387 propria
739 3290 978 3387 respon
1011 3313 1047 3360 a
1080 3345 1100 3373 ,
1168 3313 1327 3385 quoe
1367 3287 1500 3359 illis
1548 3287 1619 3359 in
1656 3284 1794 3359 istis
1835 3284 2222 3380 sacrilegio..

135 3410 306 3458 rum
357 3387 652 3460 coetibus
694 3383 1290 3466 Diaboli‚tradidit
1330 3382 1709 3478 disciplina.
1789 3381 1874 3451 In
1916 3385 2223 3475 quodam

133 3481 419 3579 templo
458 3537 482 3572 ‚
543 3502 622 3555 ut
652 3484 723 3557 in
766 3478 1120 3559 interiores
1148 3496 1371 3576 partes
1403 3478 1617 3549 homo
1652 3474 2029 3547 moriturus
2065 3472 2224 3569 pos-

135 3575 227 3647 fit
256 3576 841 3664 admitti,.dicit:
888 3575 977 3647 de
1015 3592 1351 3674 tympano
1381 3568 1792 3647 manducavi
1830 3625 1853 3659 ‚
1896 3570 1985 3642 de
2025 3592 2063 3640 c
2119 3591 2227 3641 m-

127 3670 306 3761 balo
351 3673 545 3773 bibi,
590 3677 663 3756 ὅτ.
696 3668 1048 3774 religionis⁴
1083 3667 1339 3774 secreta
1368 3666 1734 3842 perdi-{fich
1780 3663 2000 3766 Qod
2093 3687 2226 3739 1·ae-

1465 3854 1469 3861 ,
1535 3853 1543 3860 .
1623 3787 1665 3839 c
1709 3780 1770 3863 4
2132 3782 2232 3852 §9
