2703 4573
674 234 1743 379 PRAEFATid

182 401 367 505 bulis
402 445 584 503 cum
649 422 914 508 Vesta
966 425 1099 509 vel
1138 425 1422 535 Epona
1479 421 1970 508 consecratis.
2048 395 2258 511 jndi-

193 538 342 615 cavi
382 533 519 616 hoc'
554 536 639 616 in
696 542 910 620 notis
962 534 1330 634 libenter,
1386 528 1529 649 fid
1569 538 1649 625 &
1689 535 1841 619 alia
1888 566 1922 629 ;
1979 561 2260 645 verunt

195 650 263 725 in
294 640 631 756 plurimis
673 647 910 730 debui
964 669 1370 762 temperare
1410 707 1436 747 ,
1506 668 1735 760 prout
1772 636 1908 731 vel
1938 668 2260 734 mentem

201 760 589 870 unoquoque
630 759 766 842 die
809 764 1009 843 inter
1053 757 1289 874 praela
1326 761 1581 844 induit
1620 762 1938 874 Jupiter
1972 757 2103 842 vel
2128 782 2259 874 po-

199 873 325 948 tui.
423 871 673 954 Potui
733 876 930 955 enim
967 876 1052 954 in
1084 869 1344 955 multis
1405 876 1890 981 vacuefacere
1910 869 2257 985 spatium

180 974 795 1084 demonstratione
820 981 1001 1081 loci,
1056 986 1251 1066 unde
1287 987 1601 1069 variam
1648 984 1742 1079 ά
1782 981 1988 1067 illam
2030 984 2254 1068 char*-

178 1094 499 1173 tivoram
556 1100 927 1208 rapinam
945 1092 1228 1206 fuerat
1264 1095 1582 1207 adeptus
1639 1084 1872 1205 noster
1901 1100 2266 1209 praemia-s

181 1217 318 1298 tor,
348 1206 430 1284 in
463 1209 726 1290 vicem
766 1201 1364 1325 eorumsubjeetd
1383 1263 1412 1305 ,
1435 1205 1643 1311 &fic
1680 1205 1850 1320 aliis
1843 1209 2097 1317 sedem
2133 1206 2263 1294 vel

155 1308 376 1420 suam
409 1341 555 1399 non
591 1316 916 1431 auferre
952 1319 1081 1402 vel
1111 1327 1347 1431 novis·
1363 1319 1686 1432 praebere
1705 1337 1740 1410 ;
1801 1346 2030 1432 quum
2063 1328 2255 1426 inte-

176 1427 317 1503 rim
346 1425 528 1540 faepe
584 1455 1103 1513 commoverer
1146 1429 1253 1513 ad
1291 1424 1793 1515 dubitandum
1834 1489 1860 1530 ‚
1935 1459 2037 1515 an
2077 1433 2255 1539 huic·

183 1528 403 1619 labori
438 1565 609 1621 mea
672 1540 1081 1654 immiscere
1121 1537 1409 1626 vellem.
1532 1540 1911 1654 Immiscui
1948 1564 2253 1647 tamen,

173 1643 289 1759 fid
296 1657 620 1754 parcius
645 1710 678 1751 ‚
738 1670 966 1765 quam
971 1653 1496 1767 proposueram
1515 1712 1542 1753 ,
1598 1680 1830 1768 quum
1849 1652 2257 1763 effinderet

177 1754 402 1842 moles.
462 1767 682 1873 Qae
696 1766 870 1872 fane
889 1772 1185 1875 avertit·
1202 1790 1490 1882 quoque
1508 1786 1621 1849 me
1637 1766 1731 1848 ab
1752 1763 2028 1875 confilio
2051 1825 2077 1866 ‚
2106 1795 2255 1882 quo

184 1868 667 1961 decreveram
693 1882 967 1963 rimari
992 1877 1089 1971 ὠ»
1111 1878 1470 1991 ostendere
1492 1934 1518 1974 ,
1544 1877 1743 1991 quod
1744 1903 1981 1988 genus
1980 1878 2258 1997 scripti

46 1990 57 2000 '
193 1991 454 2067 veteris
474 1994 683 2072 tu‘nc‘
714 1995 939 2103 pr'aeci
987 2016 1071 2073 ue
1088 1996 1170 2074 in
1206 2009 1445 2074 mente
1465 1988 1821 2073 habuerit
1844 1992 2261 2092 Minucius,

202 2090 361 2177 adeo
399 2117 486 2183 ut
484 2091 888 2214 sequutus
888 2012 1123 2213 fieiffe
1160 2107 1239 2184 in
1256 2099 1604 2215 plurimis
1641 2099 2057 2201 videatur,
2110 2122 2257 2210 aut

185 2230 371 2314 quas
405 2218 671 2324 magio
703 2217 1022 2325 exiguas·
1033 2214 1290 2327 partes
1325 2210 1626 2297 aliunde
1693 2231 1882 2299 etere
1922 2213 2261 2324 voluerit

163 2314 365 2424 satis
404 2325 807 2438 manifesta
824 2331 1274 2413 imitationis
1309 2323 1587 2411 clarita
1643 2332 1781 2409 ine.
1842 2327 1992 2411 Sed
2028 2327 2258 2412 oblita

186 2431 365 2513 mihi
381 2437 524 2545 ista
546 2462 782 2553 operae
800 2443 1050 2551 portio
1074 2438 1323 2551 &pro
1344 2436 2002 2631 teerorefipcoest'ta‚
2077 2446 2268 2552 nunt¹

182 2558 327 2624 non
366 2549 760 2633 debeamus
777 2548 1068 2632 credere
1102 2544 1427 2659 ¹velsic'a
1517 2541 1937 2661 mensuram
1972 2576 2007 2632 e
2035 2578 2255 2662 egan-

185 2656 490 2765 tiaesuae
507 2656 960 2770 illustratum
982 2658 1115 2770 effe
1139 2664 1568 2745 Minucium
1588 2709 1615 2757 ,
1671 2657 1803 2742 vel
1822 2666 2118 2775 penitus
2139 2677 2258 2747 re-

164 2762 557 2869 stitutum.
592 2776 723 2857 Ne
739 2771 1035 2854 dubites
1050 2830 1078 2869 ‚
1108 2770 1348 2884 placet
1366 2771 1631 2883 instgni
1644 2769 2072 2857 documento
2090 2791 2266 2860 tum

185 2874 265 2957 id
279 2881 597 2991 probare
614 2941 642 2980 ‚
679 2902 846 2968 tum
868 2901 987 2981 te,
1028 2880 1257 2969 let't'or
1293 2882 1691 2991 doetiffime
1714 2941 1741 2980 ,
1780 2884 1883 2968 ad
1913 2888 2263 2971 animad-

186 2993 638 3078 vertendum
671 3001 1034 3079 invitare.
1156 2998 1360 3101 Qis
1395 3002 1589 3079 enim
1622 3021 1767 3079 non
1802 3003 2091 3108 cogitur
2118 3021 2269 3111 pror

172 3098 368 3215 falfi)
403 3106 743 3192 deridere
762 3107 848 3189 id
867 3105 1067 3220 quod
1086 3133 1326 3190 omnes
1346 3107 1550 3194 dotti
1567 3106 1886 3190 editores
1886 3108 2263 3218 sustinue-

189 3237 374 3302 runt
387 3224 503 3302 ita
527 3220 874 3303 Minucio
893 3216 1290 3302 vindicare
1314 3277 1343 3317 ‚
1394 3222 1588 3303 utin
1607 3237 2036 3303 contextum
2073 3239 2263 3334 quo·-

192 3353 324 3439 que
362 3329 806 3442 admiserint
842 3350 996 3441 cap.
1041 3341 1312 3418 xxxv?
1370 3333 1902 3416 mendicantes
1935 3334 2263 3420 vicatim

187 3440 399 3527 Deos
431 3445 766 3526 ducunt.
889 3443 1018 3525 Sic
1057 3447 1249 3526 enim
1264 3446 1449 3555 jam
1492 3442 1838 3526 exhibuit
1875 3442 2262 3553 ‘Drfinus'3

43 3653 47 3661 ,
195 3553 281 3648 &⁶
342 3561 685 3639 continue
743 3552 1306 3638 commendatur
1339 3616 1362 3647 ‚
1425 3580 1658 3667 quum
1717 3580 1872 3637 una
1900 3562 2150 3670 prima
2189 3582 2265 3660 es..
2307 3597 2310 3604 =

181 3666 365 3751 ditio
399 3672 812 3753 retinuerit
868 3671 1213 3752 vicantes
1254 3722 1281 3765 ‚
1336 3664 1537 3778 quod
1592 3665 1837 3777 exstat
1898 3673 1981 3752 in
2037 3669 2264 3753 MS“⁸

186 3779 278 3878 ῥ’
303 3804 447 3899 pro
462 3783 881 3875 temeraria
902 3775 1176 3864 calami
1209 3776 1683 3865 aberratione
1698 3776 2064 3892 abigitur.-
2102 3784 2264 3871 Va-

2081 3915 2274 4004 num
2381 3951 2382 3954 κ
