2703 4573
448 458 572 499 ‘non
598 457 845 518 repugno
871 439 978 497 illis
996 474 1015 506 ,
1053 439 1152 516 qui
1175 437 1322 498 hune
1336 442 1459 498 Cae·

452 519 645 576 cilium
677 517 934 574 Natalem
968 553 985 581 ,
1041 516 1127 572 cui
1168 533 1345 591 partes
1379 516 1461 572 lo-

453 594 681 670 quentis
711 591 862 649 dedit
891 629 908 656 ,
963 592 1233 666 Cypriani¹
1266 611 1461 669 ptaece·

453 686 667 744 protem
683 662 839 727 fuiffe
853 664 1203 733 existimant.
1235 670 1465 728 Wouwe·

452 764 564 803 rus.

370 893 380 897 ,
531 823 625 880 M.
645 817 1151 897 MinatiusFelix.]
1192 818 1461 876 Libellum

454 895 547 956 seu
606 896 891 976 dialogum
949 915 1115 973 quem
1163 897 1275 969 jam
1318 914 1465 952 nunc

455 974 764 1031 emittimus
782 1006 822 1038 ,«
843 973 1054 1048 primus
1079 974 1274 1029 Romae
1297 973 1357 1027 in
1383 972 1465 1028 lu}

454 1069 575 1107 cem
605 1046 863 1126 produxit
877 1045 1096 1106 Faustus
1120 1048 1332 1105 Sabaeus
1346 1048 1462 1103 Bri·

453 1126 659 1183 xianus
682 1162 700 1188 ,
762 1125 930 1181 Anno
957 1121 1166 1181 Christi
1197 1126 1326 1181 010.
1370 1126 1460 1180 10.

455 1220 658 1260 xmrr.
686 1207 739 1258 &
768 1197 1048 1277 perperam
1083 1199 1333 1257 Arnobio
1368 1198 1463 1256 ad-

453 1274 685 1353 scripsit.
729 1280 895 1341 Hunc
911 1277 1150 1333 triennio
1175 1272 1294 1352 post
1319 1275 1467 1333 secu·

455 1370 545 1417 tus
584 1350 967 1434 Sigismundus
992 1353 1254 1413 Gelenius
1283 1361 1306 1417 ‚'
1366 1370 1465 1408 eo·

458 1428 587 1487 dem
632 1448 812 1487 errore
843 1428 1036 1486 duaus
1075 1447 1189 1505 quo
1212 1428 1461 1494 sabaeus,

456 1507 628 1563 etiam
668 1506 924 1563 ostavum
964 1504 1168 1562 librum
1230 1504 1465 1561 Arnobii

457 1579 591 1648 effe,
636 1579 772 1640 falso
799 1578 1087 1658 suspicatus
1107 1576 1206 1636 est.
1250 1581 1466 1638 Primus

456 1658 780 1719 Hadrianus
790 1658 986 1727 Junius
1001 1694 1019 1722 ‚
1057 1657 1142 1714 vir
1158 1655 1467 1714 excellentis

456 1736 674 1813 ingenii
702 1771 721 1800 ,
759 1733 1028 1810 quoniam
1055 1732 1209 1790 tritas
1237 1730 1468 1790 habebat

457 1830 617 1871 aures
664 1810 724 1867 in
773 1807 1164 1885 cognoscendis
1223 1823 1463 1866 veterum

456 1885 699 1962 scriptis,
745 1883 900 1943 facile
915 1883 1302 1943 animadvertit
1319 1922 1334 1950 ‚
1354 1904 1468 1942 non

457 1960 557 2027 esse
574 1963 850 2021 Ostavum
870 1961 1075 2020 librum
1093 1960 1326 2017 Arnobii
1343 1998 1360 2022 ,
1380 1960 1466 2018 sed

459 2038 625 2113 hujus
667 2042 748 2096 M.
796 2040 1027 2096 Minutii
1064 2038 1251 2095 Felicis
1296 2038 1469 2094 Oeta-

457 2117 636 2175 vium.
681 2113 735 2172 Is
761 2116 945 2191 itaque
958 2115 1260 2171 octavium
1278 2150 1295 2178 ‚
1321 2113 1470 2170 osta-

460 2187 1472 2265 vumlib.Arnobiomaleinscriptum,

461 2269 712 2348 genuino
740 2269 916 2325 autori
933 2265 1028 2325 suo
1047 2268 1292 2344 princeps
1318 2263 1466 2323 resti-

466 2346 594 2410 tuit.
637 2342 999 2401 Postmodum
1036 2343 1196 2400 multi
1230 2344 1469 2418 praeclar-i

456 2422 566 2479 viri
590 2418 655 2477 de
687 2420 942 2496 Minutio-
961 2417 1307 2477 emendando
1331 2418 1471 2477 serio

453 2498 804 2575 cogitarunt,
834 2502 888 2554 δι
916 2498 974 2553 in
987 2514 1054 2553 eo
1068 2494 1237 2553 multa
1251 2490 1474 2555 feliciter

457 2571 824 2632 emendarunt
846 2610 864 2638 ‚
906 2591 1046 2651 quos
1070 2571 1224 2630 laude
1240 2568 1334 2631 sua
1356 2592 1468 2631 non

457 2648 737 2710 fraudabit
770 2665 924 2727 grata
968 2646 1247 2726 posteritas
1283 2671 1298 2707 ε
1366 2669 1471 2727 ego

459 2727 571 2788 illis
633 2724 879 2783 debitum
938 2724 1209 2782 honorem
1269 2725 1472 2801 ubique

455 2801 709 2868 reddam.
759 2804 929 2872 Cujus
955 2798 1292 2877 potiffimum
1327 2820 1471 2859 tem-

452 2878 684 2956 poribus
752 2876 932 2936 noster
983 2878 1225 2934 floruerit
1245 2917 1263 2943 ,
1325 2876 1473 2936 haud

453 2953 658 3036 ptomp
675 2968 794 3013 rum
813 2951 891 3011 est
905 2954 1103 3012 dicere.
1127 2951 1472 3013 Trithemius

455 3032 526 3091 de
562 3030 918 3108 scriptoribus
953 3027 1310 3088 ecclesiasticis
1354 3034 1469 3089 Mi-

451 3110 674 3169 nutium
704 3108 960 3185 origeni,
982 3110 1312 3175 Ammoni0‚
1333 3112 1469 3165 Am-

455 3182 638 3244 brofio
673 3192 726 3242 &
769 3182 1067 3261 Tryphoni
1103 3181 1463 3248 adnumerat,

457 3270 514 3320 δε
566 3258 661 3318 sub
710 3259 1016 3318 Alexandro
1066 3263 1260 3316 Severo
1312 3264 1462 3337 Imp.

455 3342 628 3397 Anno
662 3337 897 3393 Domini
938 3356 1011 3393 cc
1045 3351 1190 3392 xxx.
1270 3340 1468 3395 Romae

451 3407 693 3474 claruisse
706 3410 985 3469 adfirmat.
1014 3410 1185 3486 Quod
1204 3409 1239 3468 fi
1256 3433 1466 3478 verum,

455 3491 730 3556 Minutius
756 3488 1036 3564 antiquior
1058 3485 1137 3543 est
1157 3491 1460 3563 Cypriane,

455 3584 729 3641 aequaevus
758 3563 1127 3622 Tertulliano.
1211 3568 1296 3621 Ex
1318 3586 1472 3623 aecu-

451 3659 573 3698 rata
586 3643 885 3698 criminum
903 3636 1256 3705 infanticidii,
1278 3640 1468 3716 Thye-

452 3714 609 3777 ssaear
636 3739 709 3774 .m
733 3717 1014 3794 epularum
1035 3754 1051 3779 ,
1095 3725 1147 3773 &
1168 3718 1464 3793 promiscui

451 3794 774 3870 concubitus
796 3831 812 3859 ,
836 3793 1085 3869 Vaequales
1109 3791 1264 3850 fuiffe
1277 3814 1370 3854 eos
1381 3794 1459 3853 sa-

455 3869 527 3942 ijs
557 3870 788 3931 clarum.
826 3870 1242 3943 Elmenborslius.

463 3988 475 4017 l
560 4001 573 4023 i

818 301 947 387 Μ.
1006 301 1595 388 M1Nucrr
1664 279 2198 389 Funrcrs

1599 443 1684 499 M.
1701 444 1932 499 Minucii
1955 436 2188 516 Felicis]
2235 440 2321 496 De
2341 440 2568 498 Mares

1526 520 1783 576 Minucio
1811 518 1978 574 Felice
2016 516 2151 594 quid
2174 518 2253 571 ,in
2289 536 2549 574 veterum

1525 592 1733 671 scriptis
1752 596 2043 670 reperi-atur
2063 634 2078 658 ,
2108 610 2291 669 praeter
2310 592 2402 649 iila
2417 612 2563 667 qux*

1527 669 1649 727 sunt
1698 668 2102 726 huicseditioni·
2150 665 2373 744 praefixa
2433 673 2553 725 La·-

1524 747 1752 810 Ciantii,
1791 747 2171 820 Hieronymi,
2209 742 2558 802 &Eucherii

1524 821 1842 879 testimonia
1868 859 1884 884 ,
1944 840 2058 877 non
2090 819 2351 877 babemus
2378 823 2548 895 quic-

1523 918 1716 975 quam.
1771 934 1780 937 -
1803 896 1921 974 Ipse
1945 897 2082 954 circa
2108 895 2416 969 judiciarias
2438 915 2552 953 cu-

1524 994 1609 1032 ras
1647 992 1967 1051 occupatum
2004 969 2110 1029 sese
2145 974 2329 1044 innuit
2353 1009 2372 1038 ,
2430 971 2544 1030 hu·

1519 1049 1658 1123 jusce
1680 1049 2053 1128 diseptationis
2079 1048 2333 1105 exordio.
2396 1048 2555 1120 Quo·

1520 1145 1766 1203 tempore
1797 1127 1997 1182 vixerit
2029 1159 2046 1189 ‚
2118 1126 2379 1182 Auciores
2420 1145 2552 1183 notr-

1522 1203 1765 1261 tradunt.
1823 1201 1931 1260 nifi-
1961 1199 2107 1277 quod
2147 1203 2554 1275 Hieronymus

1517 1281 1577 1336 in
1632 1279 1729 1336 illo
1764 1278 1866 1336 suo
1902 1278 2235 1354 Seri-prorum
2292 1276 2550 1337 Ecclefiae

1518 1356 1819 1435 Catalogo,
1859 1354 1954 1432 ubi
1976 1353 2231 1411 ordinem
2260 1350 2368 1410 fere
2385 1371 2538 1411 tem·

1521 1450 1719 1510 porum
1747 1429 1918 1501 [τινες
1946 1468 1963 1496 ,
2036 1431 2349 1486 Minucium
2379 1448 2554 1487 ante-2

1524 1509 1677 1583 ponit
1696 1508 2020 1585 Cypriano,
2049 1514 2101 1564 &
2124 1509 2275 1580 juxta
2304 1508 2535 1564 Ter'tul-

1523 1585 1740 1642 lianum
1781 1603 1943 1661 atque
1977 1583 2113 1639 alios
2148 1581 2321 1639 censet
2357 1620 2373 1645 ,
2429 1585 2544 1658 qu}

1522 1664 1699 1718 Severi
1743 1661 1893 1736 Imp.
1936 1679 2051 1718 aevo
2090 1660 2335 1734 proximi
2373 1654 2542 1715 fuisse

1522 1736 1795 1794 dicuntur.
1839 1735 1995 1793 Idem
2023 1737 2226 1792 veroin
2258 1735 2538 1813 Apologia

1525 1813 1592 1871 ad
1639 1811 2055 1870 Pammachium
2088 1849 2105 1877 ,
2165 1812 2261 1869 ubi
2293 1813 2552 1868 minime
2589 1850 2592 1851 ν

1528 1887 1810 1967 necessaria
1833 1889 2095 1964 temporis
2122 1905 2234 1945 erat
2260 1907 2386 1945 eura
2404 1926 2421 1952 ‚
2455 1890 2540 1946 ci·

1521 1967 1646 2023 tatis
1682 1965 2000 2023 auctoribus
2034 1962 2230 2022 iisdem
2254 2003 2271 2028 ,
2338 1966 2543 2022 Minu·-

1524 2043 1671 2099 cium
1720 2040 1971 2099 nostrum
2020 2041 2365 2098 Tertulliano
2451 2042 2542 2098 ui-

1524 2117 1649 2175 dem
1669 2156 1687 2183 ,
1728 2137 1915 2175 verum
1944 2123 1998 2174 &
2019 2119 2303 2195 Cypriane
2331 2154 2361 2182 ‚-
2429 2117 2534 2175 ub-

1522 2195 1730 2275 jungitz-
1762 2193 1924 2251 credo
1967 2213 2036 2249 ne
2079 2194 2382 2251 Minuciani
2424 2213 2535 2250 no-

1527 2272 1693 2329 minis
1735 2269 2147 2345 interpositione
2193 2266 2552 2348 magistrum

1523 2344 1555 2405 :i
1579 2347 1844 2422 discipulo
1867 2347 2161 2404 divelleret.
2227 2351 2387 2404 Certe
2415 2349 2533 2404 Mi-

1524 2425 2065 2482 nucioViCtorinum
2100 2431 2155 2481 &
2181 2426 2540 2481 Firmianum

1526 2508 1579 2557 δε
1620 2500 1906 2558 Hilarium
1940 2499 2146 2557 subdit.
2224 2505 2295 2556 At
2324 2499 2538 2558 Euche-

1528 2578 1639 2633 rius
1672 2574 1972 2651 Episcopus
2001 2575 2383 2656 Eugdunensis
2406 2614 2439 2641 ,.
2475 2577 2548 2636 iu

1526 2651 1766 2728 quadam
1799 2652 1865 2708 ad
1895 2652 2246 2715 Valerianum
2270 2650 2539 2730 epistola,

1528 2729 1688 2786 Felici
1726 2725 1916 2785 nostro
1949 2728 2202 2788 inedium
2241 2732 2381 2785 inter
2417 2731 2538 2786 Fir-

1531 2808 1781 2862 mianum
1816 2814 1871 2861 &
1908 2808 2245 2883 Cyprianum
2282 2802 2538 2882 adsignat

1528 2883 1733 2939 locum.
1782 2899 1840 2940 ut
1865 2882 1977 2956 jam
2006 2882 2224 2960 propior
2251 2900 2378 2935 vero
2408 2880 2533 2938 stn-

1529 2959 1698 3015 tentia
1722 2955 1785 3026 fit
1807 2996 1823 3019 .
1885 2978 1997 3015 non
2024 2956 2262 3016 habitam
2289 2952 2441 3014 fuiffe
2465 2959 2542 3016 in
2579 3010 2592 3015 ,

1529 3033 1645 3091 istis
1671 3037 1939 3091 rationem
1966 3036 2132 3093 aetatis
2155 3032 2406 3109 cujusque
2429 3053 2534 3091 ex-

1524 3108 1868 3168 aciiffimam.
1913 3113 2127 3168 Certior
2151 3111 2316 3188 igitur
2333 3128 2395 3166 ea
2412 3106 2534 3168 fue·

1528 3189 1947 3259 ritconjeostura,
1993 3207 2111 3263 quae
2129 3184 2371 3262 deipfius
2386 3189 2532 3244 Tet-

1529 3263 1743 3319 tulliani
1766 3284 1827 3320 ac
1849 3266 2115 3339 Cypriani
2135 3261 2382 3322 adversus
2403 3263 2538 3321 Ido-

1528 3339 1706 3395 lorum
1754 3341 1979 3397 cultores
2038 3338 2246 3417 scriptis
2281 3339 2529 3401 ducetur.

1531 3417 1748 3471 Etenim
1792 3414 1827 3469 {i
1872 3416 2275 3473 Tertullianicis
2302 3437 2534 3495 compa-

1526 3510 1709 3547 rentur
1741 3493 2055 3547 Minuciana
2089 3529 2106 3554 ,
2154 3490 2344 3549 statim
2365 3513 2536 3568 appa-

1525 3568 1694 3628 rebit,
1738 3569 2048 3624 Minucium
2073 3569 2140 3623 ab
2184 3570 2536 3628 Tertulliano

1528 3650 1580 3699 &
1613 3659 1931 3721 argumenta
1966 3650 2020 3699 &
2060 3641 2349 3701 differendi
2379 3646 2534 3705 ordi-

1523 3740 1651 3775 nem
1684 3758 1700 3780 ,
1746 3738 1905 3786 atoue
1929 3720 2049 3795 ipsa
2076 3720 2397 3798 plerumque
2423 3743 2548 3780 ver·

1524 3796 1592 3852 ba
1612 3791 1909 3871 sumpfiffe:
1961 3799 2304 3873 Cyprianum
2326 3802 2548 3863 vero‚in

1524 3872 1621 3931 illo
1644 3865 1945 3951 praesertim
1982 3892 2147 3952 opere
2170 3911 2188 3945 ‚
2243 3881 2357 3953 q‘uo
2391 3880 2545 3933 vani-

2373 3969 2546 4012 tatem
