<?xml version="1.0" encoding="UTF-8"?>
<!DOCTYPE html PUBLIC "-//W3C//DTD XHTML 1.0 Transitional//EN"
    "http://www.w3.org/TR/xhtml1/DTD/xhtml1-transitional.dtd">
<html xmlns="http://www.w3.org/1999/xhtml" xml:lang="en" lang="en">
 <head>
  <title>
</title>
<meta http-equiv="Content-Type" content="text/html;charset=utf-8" />
  <meta name='ocr-system' content='tesseract 3.04.00' />
  <meta name='ocr-capabilities' content='ocr_page ocr_carea ocr_par ocr_line ocrx_word'/>
</head>
<body>
  <div class='ocr_page' id='page_1' title='image "./mminuciifelicis00mategoog_0512.png"; bbox 0 0 2703 4573; ppageno 0'>
   <div class='ocr_carea' id='block_1_1' title="bbox 449 267 2087 397">
    <p class='ocr_par' dir='ltr' id='par_1_1' title="bbox 449 267 2087 397">
     <span class='ocr_line' id='line_1_1' title="bbox 449 267 2087 397; baseline -0.011 -18"><span class='ocrx_word' id='word_1_1' title='bbox 449 285 627 394; x_wconf 75' lang='grc'><strong>446</strong></span> <span class='ocrx_word' id='word_1_2' title='bbox 954 268 1753 397; x_wconf 38' lang='lat' dir='ltr'><strong>Jut&#39;.11‡F1RM101</strong></span> <span class='ocrx_word' id='word_1_3' title='bbox 1817 267 2087 367; x_wconf 64' lang='lat' dir='ltr'><strong>Mn:</strong></span> 
     </span>
    </p>
   </div>
   <div class='ocr_carea' id='block_1_2' title="bbox 419 410 2532 3088">
    <p class='ocr_par' dir='ltr' id='par_1_2' title="bbox 419 410 2532 3088">
     <span class='ocr_line' id='line_1_2' title="bbox 419 410 2521 522; baseline -0.006 -20"><span class='ocrx_word' id='word_1_4' title='bbox 419 410 858 522; x_wconf 44' lang='lat' dir='ltr'><strong>&#39;fregionibus</strong></span> <span class='ocrx_word' id='word_1_5' title='bbox 904 421 1310 496; x_wconf 83' lang='lat' dir='ltr'><strong>idololatriae</strong></span> <span class='ocrx_word' id='word_1_6' title='bbox 1364 422 1726 496; x_wconf 88' lang='lat' dir='ltr'><strong>morientia</strong></span> <span class='ocrx_word' id='word_1_7' title='bbox 1775 419 2119 517; x_wconf 81' lang='lat' dir='ltr'><strong>palpitent</strong></span> <span class='ocrx_word' id='word_1_8' title='bbox 2175 412 2521 509; x_wconf 68' lang='lat' dir='ltr'><strong>membra}</strong></span> 
     </span>
     <span class='ocr_line' id='line_1_3' title="bbox 449 511 2520 602; baseline -0.004 -7"><span class='ocrx_word' id='word_1_9' title='bbox 449 541 686 596; x_wconf 82' lang='lat' dir='ltr'><strong>tamen</strong></span> <span class='ocrx_word' id='word_1_10' title='bbox 725 519 797 590; x_wconf 90' lang='lat' dir='ltr'><strong>in</strong></span> <span class='ocrx_word' id='word_1_11' title='bbox 822 542 908 591; x_wconf 90' lang='lat' dir='ltr'><strong>eo</strong></span> <span class='ocrx_word' id='word_1_12' title='bbox 946 543 1053 593; x_wconf 87' lang='lat' dir='ltr'><strong>res</strong></span> <span class='ocrx_word' id='word_1_13' title='bbox 1081 516 1182 590; x_wconf 86' lang='lat' dir='ltr'><strong>est</strong></span> <span class='ocrx_word' id='word_1_14' title='bbox 1223 570 1242 602; x_wconf 82' lang='grc'><em>,</em></span> <span class='ocrx_word' id='word_1_15' title='bbox 1312 539 1393 591; x_wconf 92' lang='lat' dir='ltr'><strong>ut</strong></span> <span class='ocrx_word' id='word_1_16' title='bbox 1441 516 1482 590; x_wconf 80' lang='grc' dir='ltr'>ὲ</span> <span class='ocrx_word' id='word_1_17' title='bbox 1524 516 1935 590; x_wconf 88' lang='lat' dir='ltr'><strong>Christianis</strong></span> <span class='ocrx_word' id='word_1_18' title='bbox 1967 511 2303 587; x_wconf 87' lang='lat' dir='ltr'><strong>omnibus</strong></span> <span class='ocrx_word' id='word_1_19' title='bbox 2341 514 2520 587; x_wconf 82' lang='lat' dir='ltr'><strong>terris</strong></span> 
     </span>
     <span class='ocr_line' id='line_1_4' title="bbox 542 610 2524 706; baseline -0.004 -19"><span class='ocrx_word' id='word_1_20' title='bbox 542 615 847 688; x_wconf 85' lang='lat' dir='ltr'><strong>stiferum</strong></span> <span class='ocrx_word' id='word_1_21' title='bbox 882 613 1020 687; x_wconf 87' lang='lat' dir='ltr'><strong>hoc</strong></span> <span class='ocrx_word' id='word_1_22' title='bbox 1053 612 1314 687; x_wconf 85' lang='lat' dir='ltr'><strong>malum</strong></span> <span class='ocrx_word' id='word_1_23' title='bbox 1346 612 1665 687; x_wconf 88' lang='lat' dir='ltr'><strong>funditus</strong></span> <span class='ocrx_word' id='word_1_24' title='bbox 1700 629 2125 706; x_wconf 81' lang='lat' dir='ltr'><strong>amputetur.</strong></span> <span class='ocrx_word' id='word_1_25' title='bbox 2175 610 2299 682; x_wconf 91' lang='lat' dir='ltr'><strong>De</strong></span> <span class='ocrx_word' id='word_1_26' title='bbox 2315 610 2524 682; x_wconf 90' lang='lat' dir='ltr'><strong>idolo-</strong></span> 
     </span>
     <span class='ocr_line' id='line_1_5' title="bbox 479 704 2521 806; baseline -0.003 -23"><span class='ocrx_word' id='word_1_27' title='bbox 479 732 778 783; x_wconf 81' lang='lat' dir='ltr'><strong>arrarum</strong></span> <span class='ocrx_word' id='word_1_28' title='bbox 819 709 1086 805; x_wconf 85' lang='lat' dir='ltr'><strong>lapide,</strong></span> <span class='ocrx_word' id='word_1_29' title='bbox 1135 708 1223 781; x_wconf 90' lang='lat' dir='ltr'><strong>de</strong></span> <span class='ocrx_word' id='word_1_30' title='bbox 1259 733 1405 806; x_wconf 92' lang='lat' dir='ltr'><strong>quo</strong></span> <span class='ocrx_word' id='word_1_31' title='bbox 1432 709 1720 783; x_wconf 66' lang='lat' dir='ltr'><strong>dicunt}</strong></span> <span class='ocrx_word' id='word_1_32' title='bbox 1781 707 1932 780; x_wconf 73' lang='grc' dir='ltr'><strong>Θεδς</strong></span> <span class='ocrx_word' id='word_1_33' title='bbox 1964 708 2046 777; x_wconf 64' lang='grc' dir='ltr'><strong>ἐκ</strong></span> <span class='ocrx_word' id='word_1_34' title='bbox 2080 704 2330 795; x_wconf 63' lang='grc' dir='ltr'><strong>π’ἑτςρες</strong></span> <span class='ocrx_word' id='word_1_35' title='bbox 2363 705 2521 801; x_wconf 88' lang='lat' dir='ltr'><strong>quid</strong></span> 
     </span>
     <span class='ocr_line' id='line_1_6' title="bbox 445 801 2522 901; baseline -0.003 -24"><span class='ocrx_word' id='word_1_36' title='bbox 445 805 962 901; x_wconf 81' lang='lat' dir='ltr'>Prophetarum</span> <span class='ocrx_word' id='word_1_37' title='bbox 1005 803 1372 899; x_wconf 85' lang='lat' dir='ltr'><strong>respondet</strong></span> <span class='ocrx_word' id='word_1_38' title='bbox 1406 804 1763 892; x_wconf 84' lang='lat' dir='ltr'><strong>oraculum</strong></span> <span class='ocrx_word' id='word_1_39' title='bbox 1788 813 1819 872; x_wconf 68' lang='grc' dir='ltr'><strong><em>ἒ</em></strong></span> <span class='ocrx_word' id='word_1_40' title='bbox 1868 803 2022 896; x_wconf 88' lang='lat' dir='ltr'><strong>quis</strong></span> <span class='ocrx_word' id='word_1_41' title='bbox 2064 820 2305 873; x_wconf 87' lang='lat' dir='ltr'><strong>autem</strong></span> <span class='ocrx_word' id='word_1_42' title='bbox 2341 801 2522 873; x_wconf 86' lang='lat' dir='ltr'><strong>resti·-</strong></span> 
     </span>
     <span class='ocr_line' id='line_1_7' title="bbox 448 895 2525 1006; baseline -0.005 -28"><span class='ocrx_word' id='word_1_43' title='bbox 448 903 542 979; x_wconf 87' lang='lat' dir='ltr'><strong>tit</strong></span> <span class='ocrx_word' id='word_1_44' title='bbox 567 957 592 993; x_wconf 92' lang='lat'>,</span> <span class='ocrx_word' id='word_1_45' title='bbox 635 900 751 973; x_wconf 84' lang='lat' dir='ltr'><strong>vel</strong></span> <span class='ocrx_word' id='word_1_46' title='bbox 786 900 901 991; x_wconf 72' lang='lat' dir='ltr'><strong>cui</strong></span> <span class='ocrx_word' id='word_1_47' title='bbox 932 900 1145 1006; x_wconf 87' lang='lat' dir='ltr'><strong>parcit</strong></span> <span class='ocrx_word' id='word_1_48' title='bbox 1173 899 1295 971; x_wconf 85' lang='lat' dir='ltr'><strong>iste</strong></span> <span class='ocrx_word' id='word_1_49' title='bbox 1322 898 1539 996; x_wconf 84' lang='lat' dir='ltr'><strong>lapis?</strong></span> <span class='ocrx_word' id='word_1_50' title='bbox 1590 899 1802 995; x_wconf 80' lang='lat' dir='ltr'><strong>Lapis</strong></span> <span class='ocrx_word' id='word_1_51' title='bbox 1830 916 2060 968; x_wconf 89' lang='lat' dir='ltr'><strong>autem</strong></span> <span class='ocrx_word' id='word_1_52' title='bbox 2095 896 2213 967; x_wconf 85' lang='lat' dir='ltr'><strong>hic</strong></span> <span class='ocrx_word' id='word_1_53' title='bbox 2237 895 2525 979; x_wconf 58' lang='lat' dir='ltr'><strong>sanctu-z,</strong></span> 
     </span>
     <span class='ocr_line' id='line_1_8' title="bbox 449 990 2526 1085; baseline -0.006 -10"><span class='ocrx_word' id='word_1_54' title='bbox 449 1001 526 1075; x_wconf 86' lang='lat' dir='ltr'><strong>id</strong></span> <span class='ocrx_word' id='word_1_55' title='bbox 556 996 654 1071; x_wconf 88' lang='lat' dir='ltr'><strong>est</strong></span> <span class='ocrx_word' id='word_1_56' title='bbox 691 1052 715 1085; x_wconf 92' lang='lat'><strong>,</strong></span> <span class='ocrx_word' id='word_1_57' title='bbox 781 992 1101 1068; x_wconf 82' lang='lat' dir='ltr'><strong>Christus</strong></span> <span class='ocrx_word' id='word_1_58' title='bbox 1139 1013 1258 1067; x_wconf 84' lang='lat' dir='ltr'><strong>aut</strong></span> <span class='ocrx_word' id='word_1_59' title='bbox 1297 993 1463 1067; x_wconf 88' lang='lat' dir='ltr'><strong>fidei</strong></span> <span class='ocrx_word' id='word_1_60' title='bbox 1500 992 1949 1067; x_wconf 88' lang='lat' dir='ltr'><strong>fundamenta</strong></span> <span class='ocrx_word' id='word_1_61' title='bbox 1982 990 2321 1064; x_wconf 88' lang='lat' dir='ltr'><strong>sustentat</strong></span> <span class='ocrx_word' id='word_1_62' title='bbox 2347 1046 2369 1079; x_wconf 92' lang='lat'><strong>,</strong></span> <span class='ocrx_word' id='word_1_63' title='bbox 2411 1012 2526 1063; x_wconf 87' lang='lat' dir='ltr'><strong>aut</strong></span> 
     </span>
     <span class='ocr_line' id='line_1_9' title="bbox 450 1085 2526 1188; baseline -0.007 -16"><span class='ocrx_word' id='word_1_64' title='bbox 450 1097 529 1172; x_wconf 90' lang='lat' dir='ltr'><strong>in</strong></span> <span class='ocrx_word' id='word_1_65' title='bbox 562 1091 821 1188; x_wconf 85' lang='lat' dir='ltr'><strong>angulo</strong></span> <span class='ocrx_word' id='word_1_66' title='bbox 858 1088 1154 1186; x_wconf 75' lang='lat' dir='ltr'><strong>politus,</strong></span> <span class='ocrx_word' id='word_1_67' title='bbox 1205 1091 1504 1162; x_wconf 88' lang='lat' dir='ltr'><strong>duorum</strong></span> <span class='ocrx_word' id='word_1_68' title='bbox 1542 1089 1878 1185; x_wconf 85' lang='lat' dir='ltr'><strong>parietum</strong></span> <span class='ocrx_word' id='word_1_69' title='bbox 1914 1086 2233 1159; x_wconf 87' lang='lat' dir='ltr'><strong>membra</strong></span> <span class='ocrx_word' id='word_1_70' title='bbox 2264 1085 2526 1183; x_wconf 67' lang='lat' dir='ltr'><strong>aequatfi</strong></span> 
     </span>
     <span class='ocr_line' id='line_1_10' title="bbox 453 1182 2526 1282; baseline -0.005 -17"><span class='ocrx_word' id='word_1_71' title='bbox 453 1187 930 1265; x_wconf 84' lang='lat' dir='ltr'><strong>moderatione</strong></span> <span class='ocrx_word' id='word_1_72' title='bbox 957 1184 1325 1282; x_wconf 86' lang='lat' dir='ltr'><strong>conjungit</strong></span> <span class='ocrx_word' id='word_1_73' title='bbox 1363 1241 1385 1274; x_wconf 92' lang='lat'><strong>,</strong></span> <span class='ocrx_word' id='word_1_74' title='bbox 1445 1185 1516 1257; x_wconf 90' lang='lat' dir='ltr'><strong>id</strong></span> <span class='ocrx_word' id='word_1_75' title='bbox 1550 1183 1647 1256; x_wconf 88' lang='lat' dir='ltr'><strong>est</strong></span> <span class='ocrx_word' id='word_1_76' title='bbox 1685 1240 1707 1273; x_wconf 86' lang='lat'>‚</span> <span class='ocrx_word' id='word_1_77' title='bbox 1768 1182 2017 1256; x_wconf 86' lang='lat' dir='ltr'><strong>veteris</strong></span> <span class='ocrx_word' id='word_1_78' title='bbox 2054 1185 2129 1255; x_wconf 81' lang='lat'>&amp;</span> <span class='ocrx_word' id='word_1_79' title='bbox 2165 1183 2342 1256; x_wconf 82' lang='lat' dir='ltr'><strong>novi</strong></span> <span class='ocrx_word' id='word_1_80' title='bbox 2384 1186 2526 1255; x_wconf 87' lang='lat' dir='ltr'><strong>Te·-</strong></span> 
     </span>
     <span class='ocr_line' id='line_1_11' title="bbox 449 1278 2529 1376; baseline -0.004 -18"><span class='ocrx_word' id='word_1_81' title='bbox 449 1280 768 1357; x_wconf 86' lang='lat' dir='ltr'><strong>stamenti</strong></span> <span class='ocrx_word' id='word_1_82' title='bbox 808 1282 881 1352; x_wconf 91' lang='lat' dir='ltr'><strong>in</strong></span> <span class='ocrx_word' id='word_1_83' title='bbox 912 1303 1130 1352; x_wconf 88' lang='lat' dir='ltr'><strong>unum</strong></span> <span class='ocrx_word' id='word_1_84' title='bbox 1171 1278 1443 1376; x_wconf 86' lang='lat' dir='ltr'><strong>colligit</strong></span> <span class='ocrx_word' id='word_1_85' title='bbox 1480 1297 1718 1376; x_wconf 86' lang='lat' dir='ltr'><strong>gentes</strong></span> <span class='ocrx_word' id='word_1_86' title='bbox 1749 1300 1772 1362; x_wconf 76' lang='lat'>3</span> <span class='ocrx_word' id='word_1_87' title='bbox 1844 1297 1962 1349; x_wconf 91' lang='lat' dir='ltr'><strong>aut</strong></span> <span class='ocrx_word' id='word_1_88' title='bbox 1993 1297 2185 1350; x_wconf 90' lang='lat' dir='ltr'><strong>certe</strong></span> <span class='ocrx_word' id='word_1_89' title='bbox 2222 1279 2529 1373; x_wconf 82' lang='lat' dir='ltr'><strong>corporis</strong></span> 
     </span>
     <span class='ocr_line' id='line_1_12' title="bbox 449 1373 2530 1454; baseline -0.004 -1"><span class='ocrx_word' id='word_1_90' title='bbox 449 1376 530 1454; x_wconf 68' lang='grc' dir='ltr'>δί</span> <span class='ocrx_word' id='word_1_91' title='bbox 565 1375 775 1450; x_wconf 89' lang='lat' dir='ltr'><strong>animi</strong></span> <span class='ocrx_word' id='word_1_92' title='bbox 813 1373 1271 1448; x_wconf 84' lang='lat' dir='ltr'><strong>diverfitatem</strong></span> <span class='ocrx_word' id='word_1_93' title='bbox 1315 1374 1646 1446; x_wconf 61' lang='lat' dir='ltr'><strong>inviolata</strong></span> <span class='ocrx_word' id='word_1_94' title='bbox 1694 1373 1958 1445; x_wconf 89' lang='lat' dir='ltr'><strong>homini</strong></span> <span class='ocrx_word' id='word_1_95' title='bbox 2007 1374 2530 1445; x_wconf 83' lang='lat' dir='ltr'><strong>immortalitate</strong></span> 
     </span>
     <span class='ocr_line' id='line_1_13' title="bbox 450 1468 2528 1565; baseline -0.003 -17"><span class='ocrx_word' id='word_1_96' title='bbox 450 1470 847 1556; x_wconf 80' lang='lat' dir='ltr'><strong>consociat3</strong></span> <span class='ocrx_word' id='word_1_97' title='bbox 889 1487 1009 1541; x_wconf 90' lang='lat' dir='ltr'><strong>aut</strong></span> <span class='ocrx_word' id='word_1_98' title='bbox 1047 1468 1273 1565; x_wconf 86' lang='lat' dir='ltr'><strong>legem</strong></span> <span class='ocrx_word' id='word_1_99' title='bbox 1311 1469 1752 1565; x_wconf 86' lang='lat' dir='ltr'><strong>promulgat,</strong></span> <span class='ocrx_word' id='word_1_100' title='bbox 1804 1488 1921 1539; x_wconf 84' lang='lat' dir='ltr'><strong>aut</strong></span> <span class='ocrx_word' id='word_1_101' title='bbox 1955 1488 2198 1540; x_wconf 85' lang='lat' dir='ltr'><strong>contra</strong></span> <span class='ocrx_word' id='word_1_102' title='bbox 2236 1494 2528 1564; x_wconf 86' lang='lat' dir='ltr'><strong>peccan-</strong></span> 
     </span>
     <span class='ocr_line' id='line_1_14' title="bbox 448 1562 2530 1660; baseline -0.004 -16"><span class='ocrx_word' id='word_1_103' title='bbox 448 1580 554 1644; x_wconf 88' lang='lat' dir='ltr'><strong>tes</strong></span> <span class='ocrx_word' id='word_1_104' title='bbox 578 1563 1048 1641; x_wconf 88' lang='lat' dir='ltr'><strong>testimonium</strong></span> <span class='ocrx_word' id='word_1_105' title='bbox 1080 1563 1437 1660; x_wconf 83' lang='lat' dir='ltr'><strong>perhibet:</strong></span> <span class='ocrx_word' id='word_1_106' title='bbox 1483 1583 1602 1635; x_wconf 91' lang='lat' dir='ltr'><strong>aut</strong></span> <span class='ocrx_word' id='word_1_107' title='bbox 1649 1563 1870 1659; x_wconf 91' lang='lat' dir='ltr'><strong>(quod</strong></span> <span class='ocrx_word' id='word_1_108' title='bbox 1901 1563 1999 1636; x_wconf 87' lang='lat' dir='ltr'><strong>est</strong></span> <span class='ocrx_word' id='word_1_109' title='bbox 2040 1562 2313 1658; x_wconf 84' lang='lat' dir='ltr'><strong>potius)</strong></span> <span class='ocrx_word' id='word_1_110' title='bbox 2366 1566 2530 1635; x_wconf 78' lang='lat' dir='ltr'><strong>ima-2·</strong></span> 
     </span>
     <span class='ocr_line' id='line_1_15' title="bbox 443 1657 2531 1764; baseline -0.003 -26"><span class='ocrx_word' id='word_1_111' title='bbox 443 1666 685 1764; x_wconf 85' lang='lat' dir='ltr'><strong>ginem</strong></span> <span class='ocrx_word' id='word_1_112' title='bbox 711 1659 993 1735; x_wconf 90' lang='lat' dir='ltr'><strong>Diaboli</strong></span> <span class='ocrx_word' id='word_1_113' title='bbox 1013 1657 1315 1755; x_wconf 88' lang='lat' dir='ltr'><strong>percutit</strong></span> <span class='ocrx_word' id='word_1_114' title='bbox 1338 1715 1361 1747; x_wconf 86' lang='lat'>‚</span> <span class='ocrx_word' id='word_1_115' title='bbox 1409 1677 1489 1730; x_wconf 93' lang='lat' dir='ltr'><strong>ut</strong></span> <span class='ocrx_word' id='word_1_116' title='bbox 1520 1657 1833 1753; x_wconf 88' lang='lat' dir='ltr'><strong>superato</strong></span> <span class='ocrx_word' id='word_1_117' title='bbox 1871 1684 1954 1731; x_wconf 87' lang='lat' dir='ltr'><strong>eo</strong></span> <span class='ocrx_word' id='word_1_118' title='bbox 1990 1676 2201 1754; x_wconf 90' lang='lat' dir='ltr'><strong>atque</strong></span> <span class='ocrx_word' id='word_1_119' title='bbox 2232 1659 2531 1754; x_wconf 71' lang='lat' dir='ltr'><strong>prostra-</strong></span> 
     </span>
     <span class='ocr_line' id='line_1_16' title="bbox 446 1751 2532 1849; baseline -0.002 -18"><span class='ocrx_word' id='word_1_120' title='bbox 446 1774 526 1833; x_wconf 89' lang='lat' dir='ltr'><strong>to</strong></span> <span class='ocrx_word' id='word_1_121' title='bbox 550 1816 572 1849; x_wconf 92' lang='lat'><strong>,</strong></span> <span class='ocrx_word' id='word_1_122' title='bbox 624 1761 700 1831; x_wconf 83' lang='lat'>&amp;</span> <span class='ocrx_word' id='word_1_123' title='bbox 732 1756 804 1827; x_wconf 89' lang='lat' dir='ltr'><strong>in</strong></span> <span class='ocrx_word' id='word_1_124' title='bbox 841 1757 1140 1826; x_wconf 89' lang='lat' dir='ltr'><strong>cinerem</strong></span> <span class='ocrx_word' id='word_1_125' title='bbox 1183 1751 1582 1848; x_wconf 83' lang='lat' dir='ltr'><strong>favillasque</strong></span> <span class='ocrx_word' id='word_1_126' title='bbox 1612 1753 1945 1825; x_wconf 84' lang='lat' dir='ltr'><strong>converso</strong></span> <span class='ocrx_word' id='word_1_127' title='bbox 1969 1807 1991 1841; x_wconf 88' lang='lat'><strong>,</strong></span> <span class='ocrx_word' id='word_1_128' title='bbox 2042 1754 2288 1825; x_wconf 56' lang='lat' dir='ltr'><strong>cresto</strong></span> <span class='ocrx_word' id='word_1_129' title='bbox 2324 1753 2532 1828; x_wconf 90' lang='lat' dir='ltr'><strong>subli-</strong></span> 
     </span>
     <span class='ocr_line' id='line_1_17' title="bbox 443 1847 2526 1945; baseline -0.001 -19"><span class='ocrx_word' id='word_1_130' title='bbox 443 1852 707 1927; x_wconf 85' lang='lat' dir='ltr'><strong>mitatis</strong></span> <span class='ocrx_word' id='word_1_131' title='bbox 747 1848 883 1921; x_wconf 85' lang='lat' dir='ltr'><strong>suae</strong></span> <span class='ocrx_word' id='word_1_132' title='bbox 925 1849 1187 1921; x_wconf 83' lang='lat' dir='ltr'><strong>vertice</strong></span> <span class='ocrx_word' id='word_1_133' title='bbox 1221 1904 1240 1932; x_wconf 92' lang='lat'>,</span> <span class='ocrx_word' id='word_1_134' title='bbox 1305 1872 1561 1944; x_wconf 87' lang='lat' dir='ltr'><strong>purum</strong></span> <span class='ocrx_word' id='word_1_135' title='bbox 1617 1847 2102 1941; x_wconf 85' lang='lat' dir='ltr'><strong>dominationis</strong></span> <span class='ocrx_word' id='word_1_136' title='bbox 2153 1850 2526 1945; x_wconf 83' lang='lat' dir='ltr'><strong>imperium</strong></span> 
     </span>
     <span class='ocr_line' id='line_1_18' title="bbox 437 1942 2528 2032; baseline -0.001 -11"><span class='ocrx_word' id='word_1_137' title='bbox 437 1948 723 2021; x_wconf 85' lang='lat' dir='ltr'><strong>habeat.</strong></span> <span class='ocrx_word' id='word_1_138' title='bbox 769 1946 919 2019; x_wconf 86' lang='lat' dir='ltr'><strong>Vos</strong></span> <span class='ocrx_word' id='word_1_139' title='bbox 956 1967 1170 2032; x_wconf 85' lang='lat' dir='ltr'><strong>nunc,</strong></span> <span class='ocrx_word' id='word_1_140' title='bbox 1201 1942 1662 2016; x_wconf 84' lang='lat' dir='ltr'><strong>Constanti&amp;</strong></span> <span class='ocrx_word' id='word_1_141' title='bbox 1684 1942 2066 2032; x_wconf 77' lang='lat' dir='ltr'><strong>ConstanS‚</strong></span> <span class='ocrx_word' id='word_1_142' title='bbox 2112 1943 2528 2018; x_wconf 82' lang='lat' dir='ltr'><strong>sacratiffimi</strong></span> 
     </span>
     <span class='ocr_line' id='line_1_19' title="bbox 447 2036 2532 2140; baseline -0.002 -22"><span class='ocrx_word' id='word_1_143' title='bbox 447 2042 909 2140; x_wconf 84' lang='lat' dir='ltr'><strong>Imperatores</strong></span> <span class='ocrx_word' id='word_1_144' title='bbox 952 2086 976 2130; x_wconf 69' lang='lat'><em>⁵</em></span> <span class='ocrx_word' id='word_1_145' title='bbox 1042 2040 1116 2111; x_wconf 71' lang='grc' dir='ltr'><strong>ὅτ</strong></span> <span class='ocrx_word' id='word_1_146' title='bbox 1156 2038 1564 2113; x_wconf 66' lang='lat' dir='ltr'><strong>venerandae</strong></span> <span class='ocrx_word' id='word_1_147' title='bbox 1605 2036 1770 2109; x_wconf 89' lang='lat' dir='ltr'><strong>fidei</strong></span> <span class='ocrx_word' id='word_1_148' title='bbox 1812 2040 2057 2111; x_wconf 86' lang='lat' dir='ltr'><strong>vestrae</strong></span> <span class='ocrx_word' id='word_1_149' title='bbox 2094 2040 2532 2134; x_wconf 85' lang='lat' dir='ltr'><strong>imploranda</strong></span> 
     </span>
     <span class='ocr_line' id='line_1_20' title="bbox 448 2132 2530 2232; baseline -0.001 -21"><span class='ocrx_word' id='word_1_150' title='bbox 448 2139 677 2211; x_wconf 78' lang='lat' dir='ltr'><strong>virtus</strong></span> <span class='ocrx_word' id='word_1_151' title='bbox 709 2137 850 2218; x_wconf 86' lang='lat' dir='ltr'><strong>est,</strong></span> <span class='ocrx_word' id='word_1_152' title='bbox 904 2158 1061 2232; x_wconf 80' lang='lat' dir='ltr'><strong>quae</strong></span> <span class='ocrx_word' id='word_1_153' title='bbox 1094 2132 1296 2229; x_wconf 89' lang='lat' dir='ltr'><strong>supra</strong></span> <span class='ocrx_word' id='word_1_154' title='bbox 1332 2132 1647 2205; x_wconf 90' lang='lat' dir='ltr'><strong>homines</strong></span> <span class='ocrx_word' id='word_1_155' title='bbox 1682 2132 1972 2230; x_wconf 88' lang='lat' dir='ltr'><strong>erigitur</strong></span> <span class='ocrx_word' id='word_1_156' title='bbox 1995 2188 2018 2225; x_wconf 91' lang='lat'>,</span> <span class='ocrx_word' id='word_1_157' title='bbox 2067 2137 2142 2207; x_wconf 81' lang='lat'>&amp;</span> <span class='ocrx_word' id='word_1_158' title='bbox 2180 2136 2221 2207; x_wconf 70' lang='lat' dir='ltr'><strong>a</strong></span> <span class='ocrx_word' id='word_1_159' title='bbox 2259 2137 2530 2209; x_wconf 61' lang='lat' dir='ltr'><strong>terrena</strong></span> 
     </span>
     <span class='ocr_line' id='line_1_21' title="bbox 445 2226 2530 2329; baseline -0 -23"><span class='ocrx_word' id='word_1_160' title='bbox 445 2231 820 2329; x_wconf 84' lang='lat' dir='ltr'><strong>fragilitate</strong></span> <span class='ocrx_word' id='word_1_161' title='bbox 852 2227 1235 2327; x_wconf 64' lang='lat' dir='ltr'><strong>separatur,</strong></span> <span class='ocrx_word' id='word_1_162' title='bbox 1284 2226 1811 2323; x_wconf 83' lang='lat' dir='ltr'><strong>coelestiumque</strong></span> <span class='ocrx_word' id='word_1_163' title='bbox 1843 2227 1908 2302; x_wconf 92' lang='lat' dir='ltr'><strong>se</strong></span> <span class='ocrx_word' id='word_1_164' title='bbox 1938 2252 2167 2304; x_wconf 89' lang='lat' dir='ltr'><strong>rerum</strong></span> <span class='ocrx_word' id='word_1_165' title='bbox 2204 2230 2530 2305; x_wconf 86' lang='lat' dir='ltr'><strong>societate</strong></span> 
     </span>
     <span class='ocr_line' id='line_1_22' title="bbox 445 2322 2530 2425; baseline 0 -26"><span class='ocrx_word' id='word_1_166' title='bbox 445 2326 861 2423; x_wconf 90' lang='lat' dir='ltr'><strong>conjungit,</strong></span> <span class='ocrx_word' id='word_1_167' title='bbox 917 2350 1077 2421; x_wconf 85' lang='lat' dir='ltr'><strong>quae</strong></span> <span class='ocrx_word' id='word_1_168' title='bbox 1112 2324 1182 2396; x_wconf 91' lang='lat' dir='ltr'><strong>in</strong></span> <span class='ocrx_word' id='word_1_169' title='bbox 1226 2323 1554 2398; x_wconf 89' lang='lat' dir='ltr'><strong>omnibus</strong></span> <span class='ocrx_word' id='word_1_170' title='bbox 1592 2322 1858 2396; x_wconf 55' lang='lat' dir='ltr'><strong>astibus</strong></span> <span class='ocrx_word' id='word_1_171' title='bbox 1885 2325 2019 2399; x_wconf 90' lang='lat' dir='ltr'><strong>suis</strong></span> <span class='ocrx_word' id='word_1_172' title='bbox 2046 2384 2067 2413; x_wconf 93' lang='lat'>‚</span> <span class='ocrx_word' id='word_1_173' title='bbox 2115 2347 2339 2423; x_wconf 88' lang='lat' dir='ltr'><strong>prout</strong></span> <span class='ocrx_word' id='word_1_174' title='bbox 2378 2347 2530 2425; x_wconf 71' lang='lat' dir='ltr'><strong>pot·</strong></span> 
     </span>
     <span class='ocr_line' id='line_1_23' title="bbox 429 2418 2529 2511; baseline 0.001 -17"><span class='ocrx_word' id='word_1_175' title='bbox 429 2420 548 2495; x_wconf 70' lang='lat' dir='ltr'><strong>est</strong></span> <span class='ocrx_word' id='word_1_176' title='bbox 575 2477 596 2511; x_wconf 88' lang='lat'>,</span> <span class='ocrx_word' id='word_1_177' title='bbox 649 2419 791 2493; x_wconf 92' lang='lat' dir='ltr'><strong>Dei</strong></span> <span class='ocrx_word' id='word_1_178' title='bbox 822 2418 1071 2492; x_wconf 87' lang='lat' dir='ltr'><strong>summi</strong></span> <span class='ocrx_word' id='word_1_179' title='bbox 1094 2418 1158 2490; x_wconf 89' lang='lat' dir='ltr'><strong>se</strong></span> <span class='ocrx_word' id='word_1_180' title='bbox 1210 2420 1403 2491; x_wconf 90' lang='lat' dir='ltr'><strong>uitur</strong></span> <span class='ocrx_word' id='word_1_181' title='bbox 1423 2419 1879 2491; x_wconf 55' lang='lat' dir='ltr'><strong>voluntatem0</strong></span> <span class='ocrx_word' id='word_1_182' title='bbox 1929 2432 1950 2462; x_wconf 86' lang='lat'><em>¹</em></span> <span class='ocrx_word' id='word_1_183' title='bbox 1982 2423 2360 2495; x_wconf 84' lang='lat' dir='ltr'><strong>Modicum</strong></span> <span class='ocrx_word' id='word_1_184' title='bbox 2383 2444 2529 2496; x_wconf 87' lang='lat' dir='ltr'><strong>tan-</strong></span> 
     </span>
     <span class='ocr_line' id='line_1_24' title="bbox 429 2512 2528 2615; baseline 0 -26"><span class='ocrx_word' id='word_1_185' title='bbox 429 2534 600 2589; x_wconf 86' lang='lat' dir='ltr'><strong>·tum</strong></span> <span class='ocrx_word' id='word_1_186' title='bbox 635 2514 935 2611; x_wconf 89' lang='lat' dir='ltr'><strong>superest</strong></span> <span class='ocrx_word' id='word_1_187' title='bbox 975 2563 999 2605; x_wconf 88' lang='lat'><strong>,</strong></span> <span class='ocrx_word' id='word_1_188' title='bbox 1068 2532 1151 2587; x_wconf 91' lang='lat' dir='ltr'><strong>ut</strong></span> <span class='ocrx_word' id='word_1_189' title='bbox 1217 2512 1462 2610; x_wconf 85' lang='lat' dir='ltr'><strong>egibus</strong></span> <span class='ocrx_word' id='word_1_190' title='bbox 1500 2512 1738 2587; x_wconf 86' lang='lat' dir='ltr'><strong>vestris</strong></span> <span class='ocrx_word' id='word_1_191' title='bbox 1785 2513 2100 2590; x_wconf 87' lang='lat' dir='ltr'><strong>funditus</strong></span> <span class='ocrx_word' id='word_1_192' title='bbox 2144 2519 2528 2615; x_wconf 82' lang='lat' dir='ltr'><strong>prostratus</strong></span> 
     </span>
     <span class='ocr_line' id='line_1_25' title="bbox 427 2605 2528 2709; baseline 0 -22"><span class='ocrx_word' id='word_1_193' title='bbox 427 2605 793 2687; x_wconf 45' lang='lat' dir='ltr'><strong>‘Diabolus</strong></span> <span class='ocrx_word' id='word_1_194' title='bbox 814 2612 1077 2707; x_wconf 85' lang='lat' dir='ltr'><strong>jaceat,</strong></span> <span class='ocrx_word' id='word_1_195' title='bbox 1121 2626 1204 2682; x_wconf 92' lang='lat' dir='ltr'><strong>ut</strong></span> <span class='ocrx_word' id='word_1_196' title='bbox 1243 2605 1574 2683; x_wconf 52' lang='lat' dir='ltr'><strong>extimam</strong></span> <span class='ocrx_word' id='word_1_197' title='bbox 1613 2607 2020 2684; x_wconf 77' lang='lat' dir='ltr'><strong>idololatriae</strong></span> <span class='ocrx_word' id='word_1_198' title='bbox 2054 2631 2291 2709; x_wconf 86' lang='lat' dir='ltr'><strong>pereat</strong></span> <span class='ocrx_word' id='word_1_199' title='bbox 2332 2615 2528 2687; x_wconf 79' lang='lat' dir='ltr'><strong>fune-</strong></span> 
     </span>
     <span class='ocr_line' id='line_1_26' title="bbox 425 2701 2526 2805; baseline -0.001 -25"><span class='ocrx_word' id='word_1_200' title='bbox 425 2707 551 2780; x_wconf 45' lang='lat' dir='ltr'><strong>‘sta</strong></span> <span class='ocrx_word' id='word_1_201' title='bbox 588 2724 793 2781; x_wconf 79' lang='lat' dir='ltr'><strong>conta</strong></span> <span class='ocrx_word' id='word_1_202' title='bbox 845 2706 942 2779; x_wconf 88' lang='lat' dir='ltr'><strong>io.</strong></span> <span class='ocrx_word' id='word_1_203' title='bbox 987 2701 1263 2779; x_wconf 87' lang='lat' dir='ltr'><strong>Veneni</strong></span> <span class='ocrx_word' id='word_1_204' title='bbox 1296 2703 1502 2798; x_wconf 87' lang='lat' dir='ltr'><strong>hujus</strong></span> <span class='ocrx_word' id='word_1_205' title='bbox 1534 2706 1726 2778; x_wconf 85' lang='lat' dir='ltr'><strong>virus</strong></span> <span class='ocrx_word' id='word_1_206' title='bbox 1762 2708 2044 2779; x_wconf 84' lang='lat' dir='ltr'><strong>evanuit</strong></span> <span class='ocrx_word' id='word_1_207' title='bbox 2068 2764 2088 2794; x_wconf 92' lang='lat'>‚</span> <span class='ocrx_word' id='word_1_208' title='bbox 2134 2711 2211 2781; x_wconf 73' lang='grc' dir='ltr'><strong>δε</strong></span> <span class='ocrx_word' id='word_1_209' title='bbox 2239 2734 2365 2805; x_wconf 90' lang='lat' dir='ltr'><strong>per</strong></span> <span class='ocrx_word' id='word_1_210' title='bbox 2385 2711 2526 2781; x_wconf 83' lang='lat' dir='ltr'><strong>dies</strong></span> 
     </span>
     <span class='ocr_line' id='line_1_27' title="bbox 443 2796 2525 2901; baseline 0 -26"><span class='ocrx_word' id='word_1_211' title='bbox 443 2801 758 2901; x_wconf 79' lang='lat' dir='ltr'><strong>fingulos</strong></span> <span class='ocrx_word' id='word_1_212' title='bbox 814 2800 1155 2873; x_wconf 78' lang='lat' dir='ltr'><strong>abstantia</strong></span> <span class='ocrx_word' id='word_1_213' title='bbox 1183 2796 1493 2895; x_wconf 70' lang='lat' dir='ltr'><strong>profante</strong></span> <span class='ocrx_word' id='word_1_214' title='bbox 1531 2800 1922 2897; x_wconf 85' lang='lat' dir='ltr'><strong>cupiditatis</strong></span> <span class='ocrx_word' id='word_1_215' title='bbox 1958 2801 2283 2899; x_wconf 84' lang='lat' dir='ltr'><strong>exspirat.</strong></span> <span class='ocrx_word' id='word_1_216' title='bbox 2363 2803 2525 2876; x_wconf 80' lang='lat' dir='ltr'><strong>Eri-</strong></span> 
     </span>
     <span class='ocr_line' id='line_1_28' title="bbox 428 2892 2521 2995; baseline 0.001 -26"><span class='ocrx_word' id='word_1_217' title='bbox 428 2898 597 2995; x_wconf 79' lang='lat' dir='ltr'><strong>gite</strong></span> <span class='ocrx_word' id='word_1_218' title='bbox 625 2895 969 2972; x_wconf 82' lang='lat' dir='ltr'><strong>vexillum</strong></span> <span class='ocrx_word' id='word_1_219' title='bbox 1007 2892 1176 2968; x_wconf 88' lang='lat' dir='ltr'><strong>fidei</strong></span> <span class='ocrx_word' id='word_1_220' title='bbox 1215 2949 1235 2978; x_wconf 91' lang='lat'><strong>,</strong></span> <span class='ocrx_word' id='word_1_221' title='bbox 1300 2892 1501 2967; x_wconf 81' lang='lat' dir='ltr'><strong>vobis</strong></span> <span class='ocrx_word' id='word_1_222' title='bbox 1554 2896 1688 2967; x_wconf 91' lang='lat' dir='ltr'><strong>hoc</strong></span> <span class='ocrx_word' id='word_1_223' title='bbox 1730 2892 2051 2970; x_wconf 89' lang='lat' dir='ltr'><strong>divinitas</strong></span> <span class='ocrx_word' id='word_1_224' title='bbox 2097 2897 2469 2973; x_wconf 82' lang='lat' dir='ltr'><strong>reservavit</strong></span> <span class='ocrx_word' id='word_1_225' title='bbox 2497 2951 2521 2984; x_wconf 85' lang='lat'><strong><em>‚</em></strong></span> 
     </span>
     <span class='ocr_line' id='line_1_29' title="bbox 431 2989 2524 3088; baseline 0.001 -22"><span class='ocrx_word' id='word_1_226' title='bbox 431 2992 648 3088; x_wconf 69' lang='lat' dir='ltr'><strong>cujus</strong></span> <span class='ocrx_word' id='word_1_227' title='bbox 684 2989 923 3067; x_wconf 83' lang='lat' dir='ltr'><strong>favore</strong></span> <span class='ocrx_word' id='word_1_228' title='bbox 954 2989 1334 3063; x_wconf 86' lang='lat' dir='ltr'><strong>eminentes</strong></span> <span class='ocrx_word' id='word_1_229' title='bbox 1368 2990 1814 3082; x_wconf 85' lang='lat' dir='ltr'><strong>prostratores</strong></span> <span class='ocrx_word' id='word_1_230' title='bbox 1848 2992 2004 3064; x_wconf 87' lang='lat' dir='ltr'><strong>estis</strong></span> <span class='ocrx_word' id='word_1_231' title='bbox 2036 2994 2359 3068; x_wconf 88' lang='lat' dir='ltr'><strong>omnium</strong></span> <span class='ocrx_word' id='word_1_232' title='bbox 2401 2995 2524 3068; x_wconf 87' lang='lat' dir='ltr'><strong>ho-</strong></span> 
     </span>
    </p>
   </div>
   <div class='ocr_carea' id='block_1_3' title="bbox 417 3085 2639 3183">
    <p class='ocr_par' dir='ltr' id='par_1_3' title="bbox 417 3085 2639 3183">
     <span class='ocr_line' id='line_1_30' title="bbox 417 3085 2639 3183; baseline 0.003 -25"><span class='ocrx_word' id='word_1_233' title='bbox 417 3085 653 3159; x_wconf 73' lang='lat' dir='ltr'><strong>·ssium</strong></span> <span class='ocrx_word' id='word_1_234' title='bbox 704 3085 1092 3159; x_wconf 82' lang='lat' dir='ltr'><strong>vestrorum</strong></span> <span class='ocrx_word' id='word_1_235' title='bbox 1132 3102 1157 3171; x_wconf 78' lang='lat'><em>3</em></span> <span class='ocrx_word' id='word_1_236' title='bbox 1228 3109 1531 3181; x_wconf 89' lang='lat' dir='ltr'><strong>quorum</strong></span> <span class='ocrx_word' id='word_1_237' title='bbox 1570 3086 1780 3183; x_wconf 61' lang='lat' dir='ltr'><strong>opera</strong></span> <span class='ocrx_word' id='word_1_238' title='bbox 1826 3088 2289 3162; x_wconf 85' lang='lat' dir='ltr'><strong>²Romanum</strong></span> <span class='ocrx_word' id='word_1_239' title='bbox 2334 3091 2523 3165; x_wconf 82' lang='lat' dir='ltr'><strong>infir·-</strong></span> <span class='ocrx_word' id='word_1_240' title='bbox 2638 3143 2639 3152; x_wconf 54' lang='lat'>2</span> 
     </span>
    </p>
   </div>
   <div class='ocr_carea' id='block_1_4' title="bbox 427 3178 2520 3480">
    <p class='ocr_par' dir='ltr' id='par_1_4' title="bbox 427 3178 2520 3480">
     <span class='ocr_line' id='line_1_31' title="bbox 427 3178 2519 3287; baseline 0.002 -33"><span class='ocrx_word' id='word_1_241' title='bbox 427 3178 767 3287; x_wconf 77' lang='lat' dir='ltr'><strong>-mabatur</strong></span> <span class='ocrx_word' id='word_1_242' title='bbox 797 3181 1194 3276; x_wconf 86' lang='lat' dir='ltr'><strong>imperium.</strong></span> <span class='ocrx_word' id='word_1_243' title='bbox 1255 3182 1550 3277; x_wconf 88' lang='lat' dir='ltr'><strong>Signum</strong></span> <span class='ocrx_word' id='word_1_244' title='bbox 1588 3184 1996 3255; x_wconf 80' lang='lat' dir='ltr'><strong>venerandae</strong></span> <span class='ocrx_word' id='word_1_245' title='bbox 2030 3184 2201 3280; x_wconf 88' lang='lat' dir='ltr'><strong>legis</strong></span> <span class='ocrx_word' id='word_1_246' title='bbox 2242 3188 2519 3282; x_wconf 78' lang='lat' dir='ltr'><strong>erigite.</strong></span> 
     </span>
     <span class='ocr_line' id='line_1_32' title="bbox 441 3274 2520 3373; baseline 0.002 -24"><span class='ocrx_word' id='word_1_247' title='bbox 441 3274 739 3366; x_wconf 73' lang='lat' dir='ltr'><strong>sancite,</strong></span> <span class='ocrx_word' id='word_1_248' title='bbox 786 3275 1229 3373; x_wconf 86' lang='lat' dir='ltr'><strong>promulgate</strong></span> <span class='ocrx_word' id='word_1_249' title='bbox 1268 3278 1459 3371; x_wconf 85' lang='lat' dir='ltr'><strong>quod</strong></span> <span class='ocrx_word' id='word_1_250' title='bbox 1498 3275 1708 3373; x_wconf 86' lang='lat' dir='ltr'><strong>profit</strong></span> <span class='ocrx_word' id='word_1_251' title='bbox 1744 3304 1766 3363; x_wconf 84' lang='lat'>3</span> <span class='ocrx_word' id='word_1_252' title='bbox 1814 3276 1920 3352; x_wconf 86' lang='lat' dir='ltr'><strong>Sit</strong></span> <span class='ocrx_word' id='word_1_253' title='bbox 1946 3276 2247 3354; x_wconf 86' lang='lat' dir='ltr'><strong>faustum</strong></span> <span class='ocrx_word' id='word_1_254' title='bbox 2292 3281 2520 3354; x_wconf 82' lang='lat' dir='ltr'><strong>foelix-</strong></span> 
     </span>
     <span class='ocr_line' id='line_1_33' title="bbox 443 3365 2519 3480; baseline 0 -33"><span class='ocrx_word' id='word_1_255' title='bbox 443 3397 587 3472; x_wconf 87' lang='lat' dir='ltr'><strong>que</strong></span> <span class='ocrx_word' id='word_1_256' title='bbox 611 3365 831 3467; x_wconf 86' lang='lat' dir='ltr'><strong>Reip.</strong></span> <span class='ocrx_word' id='word_1_257' title='bbox 865 3371 1058 3480; x_wconf 69' lang='lat' dir='ltr'><strong>quod</strong></span> <span class='ocrx_word' id='word_1_258' title='bbox 1093 3391 1200 3443; x_wconf 87' lang='lat' dir='ltr'><strong>tot</strong></span> <span class='ocrx_word' id='word_1_259' title='bbox 1243 3373 1506 3444; x_wconf 89' lang='lat' dir='ltr'><strong>acervis</strong></span> <span class='ocrx_word' id='word_1_260' title='bbox 1543 3370 1873 3448; x_wconf 84' lang='lat' dir='ltr'><strong>caesorum</strong></span> <span class='ocrx_word' id='word_1_261' title='bbox 1905 3375 2203 3448; x_wconf 89' lang='lat' dir='ltr'><strong>hostium</strong></span> <span class='ocrx_word' id='word_1_262' title='bbox 2228 3378 2519 3475; x_wconf 74' lang='lat' dir='ltr'><strong>prostra-</strong></span> 
     </span>
    </p>
   </div>
   <div class='ocr_carea' id='block_1_5' title="bbox 439 3466 2637 3578">
    <p class='ocr_par' dir='ltr' id='par_1_5' title="bbox 439 3466 2637 3578">
     <span class='ocr_line' id='line_1_34' title="bbox 439 3466 2637 3578; baseline -0.001 -33"><span class='ocrx_word' id='word_1_263' title='bbox 439 3468 634 3546; x_wconf 78' lang='lat' dir='ltr'><strong>vistis</strong></span> <span class='ocrx_word' id='word_1_264' title='bbox 654 3487 1067 3540; x_wconf 82' lang='lat' dir='ltr'><strong>exercitum.</strong></span> <span class='ocrx_word' id='word_1_265' title='bbox 1115 3466 1383 3539; x_wconf 89' lang='lat' dir='ltr'><strong>Felices</strong></span> <span class='ocrx_word' id='word_1_266' title='bbox 1411 3491 1536 3538; x_wconf 85' lang='lat' dir='ltr'><strong>vos</strong></span> <span class='ocrx_word' id='word_1_267' title='bbox 1567 3491 1852 3578; x_wconf 77' lang='lat' dir='ltr'><strong>quoque</strong></span> <span class='ocrx_word' id='word_1_268' title='bbox 1883 3472 2123 3568; x_wconf 82' lang='lat' dir='ltr'><strong>gloriae</strong></span> <span class='ocrx_word' id='word_1_269' title='bbox 2154 3495 2238 3544; x_wconf 89' lang='lat' dir='ltr'><strong>ac</strong></span> <span class='ocrx_word' id='word_1_270' title='bbox 2274 3475 2517 3547; x_wconf 85' lang='lat' dir='ltr'><strong>volun-</strong></span> <span class='ocrx_word' id='word_1_271' title='bbox 2636 3499 2637 3502; x_wconf 43' lang='lat'>¹</span> 
     </span>
    </p>
   </div>
   <div class='ocr_carea' id='block_1_6' title="bbox 419 3559 2517 3916">
    <p class='ocr_par' dir='ltr' id='par_1_6' title="bbox 419 3559 2517 3916">
     <span class='ocr_line' id='line_1_35' title="bbox 421 3559 2516 3660; baseline 0.001 -23"><span class='ocrx_word' id='word_1_272' title='bbox 421 3565 599 3654; x_wconf 62' lang='lat' dir='ltr'><strong>tatis</strong></span> <span class='ocrx_word' id='word_1_273' title='bbox 631 3561 767 3636; x_wconf 82' lang='lat' dir='ltr'><strong>suae</strong></span> <span class='ocrx_word' id='word_1_274' title='bbox 808 3564 1006 3635; x_wconf 89' lang='lat' dir='ltr'><strong>Deus</strong></span> <span class='ocrx_word' id='word_1_275' title='bbox 1040 3559 1210 3635; x_wconf 84' lang='lat' dir='ltr'><strong>fecit</strong></span> <span class='ocrx_word' id='word_1_276' title='bbox 1242 3560 1375 3635; x_wconf 79' lang='lat' dir='ltr'><strong>effe</strong></span> <span class='ocrx_word' id='word_1_277' title='bbox 1405 3561 1770 3660; x_wconf 83' lang='lat' dir='ltr'><strong>participes</strong></span> <span class='ocrx_word' id='word_1_278' title='bbox 1807 3621 1830 3652; x_wconf 85' lang='lat'>,</span> <span class='ocrx_word' id='word_1_279' title='bbox 1891 3566 2305 3641; x_wconf 81' lang='lat' dir='ltr'><strong>idololatriae</strong></span> <span class='ocrx_word' id='word_1_280' title='bbox 2338 3568 2516 3642; x_wconf 85' lang='lat' dir='ltr'><strong>exci-</strong></span> 
     </span>
     <span class='ocr_line' id='line_1_36' title="bbox 442 3665 2517 3908; baseline 0.002 -95"><span class='ocrx_word' id='word_1_281' title='bbox 442 3830 449 3836; x_wconf 79' lang='lat'><em>.</em></span> <span class='ocrx_word' id='word_1_282' title='bbox 520 3770 550 3813; x_wconf 72' lang='grc' dir='ltr'>ι</span> <span class='ocrx_word' id='word_1_283' title='bbox 593 3757 861 3813; x_wconf 77' lang='lat' dir='ltr'><strong>Modicum</strong></span> <span class='ocrx_word' id='word_1_284' title='bbox 882 3755 1070 3814; x_wconf 73' lang='lat' dir='ltr'><strong>ulium</strong></span> <span class='ocrx_word' id='word_1_285' title='bbox 1083 3752 1331 3835; x_wconf 53' lang='lat' dir='ltr'><strong>[aliaest]</strong></span> <span class='ocrx_word' id='word_1_286' title='bbox 1345 3752 1493 3908; x_wconf 68' lang='lat' dir='ltr'><strong>Le-l</strong></span> <span class='ocrx_word' id='word_1_287' title='bbox 1592 3775 1624 3814; x_wconf 81' lang='lat'>2</span> <span class='ocrx_word' id='word_1_288' title='bbox 1662 3757 1949 3818; x_wconf 73' lang='lat' dir='ltr'><strong>Romanum</strong></span> <span class='ocrx_word' id='word_1_289' title='bbox 1990 3665 2517 3837; x_wconf 41' lang='lat' dir='ltr'><strong>fimdmrdzffiss</strong></span> 
     </span>
     <span class='ocr_line' id='line_1_37' title="bbox 419 3829 2378 3916; baseline 0 -22"><span class='ocrx_word' id='word_1_290' title='bbox 419 3845 515 3916; x_wconf 66' lang='lat' dir='ltr'><strong>„ge</strong></span> <span class='ocrx_word' id='word_1_291' title='bbox 529 3854 549 3894; x_wconf 72' lang='grc' dir='ltr'><strong><em>ε</em></strong></span> <span class='ocrx_word' id='word_1_292' title='bbox 584 3832 833 3896; x_wconf 77' lang='lat' dir='ltr'><em>modicum</em></span> <span class='ocrx_word' id='word_1_293' title='bbox 852 3844 1083 3894; x_wconf 76' lang='lat' dir='ltr'><strong>tantum.</strong></span> <span class='ocrx_word' id='word_1_294' title='bbox 1512 3829 1687 3910; x_wconf 78' lang='lat' dir='ltr'><strong>rium]</strong></span> <span class='ocrx_word' id='word_1_295' title='bbox 1728 3835 1937 3901; x_wconf 79' lang='lat' dir='ltr'><strong>Scribe:</strong></span> <span class='ocrx_word' id='word_1_296' title='bbox 1978 3837 2378 3912; x_wconf 74' lang='lat' dir='ltr'><strong>infirmabatur.</strong></span> 
     </span>
    </p>
   </div>
   <div class='ocr_carea' id='block_1_7' title="bbox 2638 3155 2639 3302">
    <p class='ocr_par' dir='ltr' id='par_1_7' title="bbox 2638 3155 2639 3302">
     <span class='ocr_line' id='line_1_38' title="bbox 2638 3155 2639 3302; baseline 0 0"><span class='ocrx_word' id='word_1_297' title='bbox 2638 3155 2639 3302; x_wconf 95' lang='lat' dir='ltr'><strong> </strong></span> 
     </span>
    </p>
   </div>
   <div class='ocr_carea' id='block_1_8' title="bbox 2339 3920 2635 3994">
    <p class='ocr_par' dir='ltr' id='par_1_8' title="bbox 2339 3920 2635 3994">
     <span class='ocr_line' id='line_1_39' title="bbox 2339 3920 2635 3994; baseline 0.017 -20"><span class='ocrx_word' id='word_1_298' title='bbox 2339 3920 2635 3994; x_wconf 50' lang='lat' dir='ltr'><strong>1133ch</strong></span> 
     </span>
    </p>
   </div>
  </div>
 </body>
</html>
