2703 4573
450 249 611 352 '484
792 254 1218 325 FRANcrscr
1265 236 1664 319 mmmm
1717 237 2230 312 stsnawmo

461 368 635 439 facem
677 371 735 427 iu
765 366 982 428 nostros
1020 387 1134 424 non
1172 380 1492 440 contorquet
1516 399 1534 426 ‚
1577 377 1753 435 neque
1792 373 1984 413 eorum
2018 346 2382 409 innocentiam
2410 358 2510 401 tam

463 449 693 523 indigne
728 462 937 503 onerat.
1019 447 1145 499 lmo
1178 460 1306 499 vero
1346 441 1413 495 iis
1443 476 1458 501 ,
1500 454 1558 494 ut
1590 432 1803 492 miseris
1832 469 1851 496 ,
1892 447 1953 488 ut
1987 429 2145 485 virstis
2178 464 2196 490 ,
2237 442 2296 481 ut
2334 418 2509 485 servis,

464 523 580 604 ipse
609 540 868 597 tanquam
907 538 999 576 ma
1042 519 1126 574 nis
1162 514 1408 573 vicioriis
1427 513 1596 569 elatus
1631 548 1648 578 ,
1689 517 1745 567 δι
1773 505 1990 565 summa
2021 501 2272 561 felicitate
2296 497 2514 582 cumula·

469 617 556 663 tus
577 636 593 662 ,
635 596 855 671 superbe
878 593 992 652 insu
1019 611 1123 650 tat:
1167 599 1220 648 &
1247 590 1349 649 hoc
1378 590 1604 645 nomine
1632 603 1745 643 tam
1780 580 1999 640 illorum
2042 579 2359 655 religionem
2384 569 2515 660 fasti·

466 670 616 736 diosc
646 671 905 746 deprimit
935 707 952 734 ‚
989 678 1155 744 quam
1174 665 1326 723 suam
1355 661 1591 743 gloriose
1616 659 1813 718 attollit
1839 653 2300 734 superstitionem.
2375 654 2449 734 Sic
2466 662 2514 702 e·

470 750 592 810 nim
619 744 832 823 profani
860 745 1117 801 homines
1146 761 1215 798 ex
1247 738 1468 798 fortuna
1491 746 1544 796 &
1580 751 1756 794 rerum
1788 725 2007 790 succeffu
2031 729 2286 807 pendent.
2326 727 2403 782 Sic
2422 718 2516 796 ipse

472 816 669 879 Cicero
694 840 793 898 pro
818 820 1003 877 Placc'o
1028 815 1418 876 contumeliose
1444 815 1684 890 exagitat
1711 808 2019 880 Judaeorum
2050 812 2104 862 Bc
2135 813 2353 884 gentem
2376 806 2424 856 &
2448 796 2516 854 sa·

472 917 585 958 cta.
662 895 762 954 Sed
790 902 844 953 &
865 897 1196 973 {Appionem
1223 890 1422 962 Judaeis
1449 891 1755 946 servitutem
1783 922 1801 949 ‚
1846 890 1901 940 &
1939 891 2245 942 aerumna,
2278 886 2517 951 tanquam

475 972 618 1033 falsat
651 972 927 1051 religionis
954 968 1271 1027 testimonia
1290 1004 1307 1031 ,
1348 961 1682 1022 confidenter
1697 954 1946 1034 objeciffe
1972 996 1989 1021 ‚
2032 976 2100 1012 ex
2124 944 2520 1038 josephqinteh

479 1049 731 1127 ligimus.
763 1049 970 1103 Mirum
1005 1064 1130 1102 vero
1155 1082 1171 1110 ,
1215 1040 1334 1119 post
1350 1031 2217 1116 temporaquoqueConstantini‚
2268 1029 2520 1100 julianum

481 1126 631 1200 Imp.
675 1119 888 1180 nostros
912 1119 1102 1178 eadem
1127 1123 1335 1176 ratione
1372 1111 1660 1191 impetiisse
1685 1150 1703 1177 ‚
1751 1109 1900 1167 ficuti
1928 1129 1997 1165 ex
2026 1108 2224 1182 Cyrilli
2248 1099 2523 1185 responfio⁶

483 1201 646 1257 nibus
669 1194 1068 1274 cognoscimus.
1147 1196 1378 1270 Qanto
1403 1192 1460 1249 id
1504 1191 1685 1268 magis
1711 1187 1887 1264 potuit
1919 1185 2216 1246 Caecilius·‚
2262 1176 2524 1259 qui‘Chri·

484 1273 729 1339 manos,
772 1270 871 1328 nisi
894 1262 1157 1333 afflictos,
1204 1266 1430 1325 miseros
1457 1305 1475 1330 ‚
1518 1282 1774 1343 pauperes
1804 1300 1820 1326 ,
1864 1254 2037 1317 nullos
2063 1258 2322 1315 viderat?
2364 1258 2531 1329 ltaque

486 1366 698 1426 magno
722 1346 1002 1422 supercilio
1024 1352 1078 1403 δε
1108 1342 1246 1402 fastu
1276 1352 1327 1401 &
1345 1359 1659 1417 contemptu
1683 1357 1774 1394 eos
1801 1336 2011 1412 despuit
2029 1360 2054 1400 ‚³
2086 1342 2140 1391 &
2168 1349 2422 1409 tanquam
2443 1349 2528 1380 xa-

487 1421 749 1493 θέματα
767 1426 854 1476 καὶ
881 1417 1209 1494 περιψῆμιατοι
1235 1423 1379 1490 (utor
1409 1415 1658 1493 Apostoli
1680 1413 1874 1484 verbis)
1917 1412 2205 1487 proculcat.
2250 1408 2349 1465 Sed
2370 1403 2529 1461 Thra-

493 1499 710 1555 sonicos
727 1498 836 1570 ejus
854 1493 1065 1572 spiritus
1091 1496 1270 1552 altiori
1300 1495 1493 1550 animo
1519 1490 1740 1567 despicit
1765 1489 2061 1550 Octavius,
2100 1484 2280 1558 iisque
2311 1479 2529 1563 faustam

534 1571 771 1631 uandam
805 1571 1107 1650 superbiam
1146 1571 1380 1647 opponit
1405 1606 1420 1633 ,
1473 1585 1584 1644 qua
1606 1573 1661 1623 &
1699 1565 1756 1620 in
1800 1579 2108 1640 paupertate
2133 1559 2331 1616 divites
2355 1596 2371 1622 ,
2411 1562 2458 1612 δε
2482 1570 2531 1640 iu

492 1593 746 1707 ilervitute
778 1648 931 1705 liberi
962 1685 978 1713 ,
1018 1653 1072 1703 δε
1099 1648 1156 1704 in
1194 1645 1376 1702 media
1407 1642 1641 1718 denique
1673 1653 1850 1697 morte
1898 1639 2127 1694 vic‘tores
2156 1629 2326 1693 effent
2364 1628 2534 1688 nostri.

497 1728 640 1784 Utut
668 1742 847 1782 autem
886 1722 1135 1781 Caecilius
1162 1723 1323 1778 initio
1362 1717 1687 1794 despumans
1715 1754 1732 1780 ‚
1754 1721 1825 1771 ⁷&
1855 1715 2283 1789 intemperanter
2313 1705 2535 1767 convicia
2626 1742 2627 1779 ᾗ

498 1797 848 1876 profunderet
881 1836 899 1863 ,
943 1805 997 1855 δε
1026 1799 1204 1854 minas
1226 1794 1431 1853 efflaret
1458 1831 1474 1858 ‚
1518 1801 1573 1852 &
1605 1791 1869 1867 ampullas
1908 1789 2195 1846 horribiles
2233 1787 2534 1863 projiceret,
2626 1802 2627 1805 ¹

498 1874 736 1948 denique
768 1871 994 1931 Christo
1037 1871 1356 1929 insultaret:
1407 1880 1592 1926 tamen
1636 1868 1772 1923 veris
1818 1866 1992 1922 victus
2029 1863 2190 1939 paulo
2226 1859 2350 1936 post
2378 1857 2534 1925 cedit,

501 1968 681 2026 neque
701 1948 888 2007 arbitri
906 1986 923 2009 .
964 1946 1259 2023 judicisque
1285 1942 1848 2002 Minuciisententiam
1876 1942 2156 2016 expectat,
2199 1937 2297 2001 sed=
2319 1936 2451 1992 ultro
2472 1927 2537 1986 illi

500 2027 759 2083 occurrit.
839 2023 1190 2081 Admirabilis
1218 2020 1466 2099 profesto
1487 2016 1760 2077 convetfio
1795 2055 1810 2081 ,
1857 2015 2155 2093 praesertim
2184 2031 2302 2070 tam
2333 2024 2540 2085 repenti·

506 2119 601 2158 na.
639 2100 738 2157 Sed
760 2119 821 2156 ea
842 2098 1111 2162 ostendit,
1154 2098 1410 2153 sanabiles
1441 2097 1637 2152 multos
1665 2096 1859 2151 Romae
1883 2085 2032 2148 fuiffe
2059 2128 2077 2155 ‚
2121 2092 2219 2168 qui
2249 2087 2542 2145 videbantur

506 2178 715 2253 alioqui
752 2174 979 2251 depofiti
1012 2181 1065 2231 ὅ(
1102 2171 1359 2249 deplorati
1393 2193 1407 2228 ε
1460 2173 1668 2227 veritati
1718 2187 1845 2224 vero
1887 2185 2126 2223 errorem
2168 2163 2330 2223 facile
2366 2159 2540 2218 cedere.

509 2255 659 2331 Ergo
686 2252 933 2309 Caecilius
955 2248 1190 2326 quadam
1218 2249 1377 2306 veluti
1412 2249 1469 2304 in
1501 2248 1612 2321 jure
1636 2242 1865 2303 cellione
1892 2243 2132 2299 Odiavio
2156 2231 2544 2297 vindicantiad·

508 2328 618 2384 dici
655 2344 883 2403 poterat.
962 2330 1120 2383 Certe
1158 2326 1301 2381 vinci
1328 2323 1561 2399 dedique
1597 2342 1708 2379 non
1733 2318 1932 2378 recusat
1954 2356 1972 2383 ‚
2015 2327 2067 2377 &
2100 2318 2421 2375 octaviana
2445 2329 2544 2368 ora·⁴

509 2404 678 2459 tionis
707 2402 954 2476 quodam·
982 2399 1130 2476 quali
1148 2397 1381 2457 fulmine
1408 2397 1703 2475 perculsus,
1745 2412 2007 2469 tanquam
2033 2394 2158 2451 alter
2187 2393 2417 2469 quidam
2434 2393 2547 2445 Pau·

511 2478 629 2541 lm,
674 2475 849 2533 subito
873 2478 1196 2557 religionem
1224 2512 1239 2539 ,
1279 2494 1445 2550 quam
1475 2475 1731 2551 ignorans
1754 2487 2158 2547 oppugnaverat
2196 2509 2213 2536 ,
2256 2467 2542 2524 admonitus

512 2553 914 2629 compleciitur.
999 2552 1198 2608 Vellem
1234 2567 1413 2606 autern
1441 2587 1459 2614 ‚
1506 2550 1778 2607 Minucius
1811 2546 1968 2602 nobis
2009 2559 2233 2622 quoque
2259 2532 2543 2620 exposuisset

515 2645 689 2688 totam
730 2627 940 2701 hujusce
966 2632 1228 2697 μετανοίας
1255 2624 1541 2682 historiam
1569 2636 1592 2681 τ’
1619 2643 1679 2681 ut
1704 2630 1756 2679 δε
1779 2661 1795 2687 ,
1837 2640 1944 2696 qua
1973 2622 2120 2699 lege,
2166 2639 2280 2697 qua
2307 2617 2546 2675 conditio·

517 2721 588 2763 nc
616 2742 634 2770 ,
676 2706 869 2781 quibus
899 2701 1286 2780 sponsoribus,
1330 2719 1443 2777 quo
1472 2703 1574 2757 ritu
1606 2739 1622 2765 ,
1664 2712 1770 2775 qua
1797 2700 2101 2754 ceremonia
2120 2734 2136 2760 ,
2177 2697 2429 2755 Caecilius
2452 2696 2546 2747 Ro-

521 2798 676 2837 mam
705 2778 941 2836 reversus
976 2817 992 2843 ‚
1031 2779 1089 2834 in
1135 2775 1372 2835 Ecclesia:
1400 2777 1688 2853 collegium
1720 2782 1771 2831 &
1805 2773 2265 2829 communionem
2303 2781 2548 2845 cooptatus

520 2854 684 2915 fuerit
714 2893 732 2919 ,
772 2855 1212 2932 intelligeremus.
1252 2874 1257 2878 ·
1290 2856 1442 2909 Nam
1487 2860 1539 2909 δε
1570 2852 1780 2925 antiqui
1807 2849 1947 2905 illius
1978 2849 2148 2904 moris
2182 2850 2437 2905 memoria
2463 2861 2549 2899 ex·

522 2930 749 3010 petenda
776 2929 873 2987 cst.
950 2929 1047 2988 Sed
1079 2931 1224 3004 quod
1265 2930 1641 3003 Hieronymus
1664 2925 1730 2982 ad
1765 2923 2040 2981 Chronica
2075 2922 2298 2982 Eusebii
2329 2965 2345 2992 ,
2385 2931 2431 2981 &
2452 2923 2550 2976 Au-

524 3005 773 3085 gustinus
793 3007 936 3063 libro
955 3006 1151 3061 ostavo
1180 3001 1515 3060 Confeffion.
1561 3019 1780 3062 narrant
1804 2999 1870 3056 de
1894 3000 2101 3057 duobus
2127 2999 2250 3057 aliis
2271 3000 2482 3072 ejusdem
2504 3000 2549 3050 δε

524 3080 860 3139 conditionis
884 3088 937 3139 &
970 3080 1180 3136 ordinis
1209 3117 1224 3143 ,
1268 3086 1320 3135 &
1344 3082 1522 3159 gentis
1546 3117 1561 3144 ,
1603 3086 1657 3134 δε
1686 3077 1897 3155 ingenii
1922 3077 2082 3138 viris,
2133 3080 2383 3136 Arnobio
2403 3084 2450 3134 &
2470 3072 2551 3128 vi-

470 3166 474 3170 '
527 3157 784 3213 florino.-
828 3158 1131 3233 cogitemus
1163 3153 1366 3211 fastum
1406 3173 1623 3231 quoque
1645 3151 1740 3209 effi:
1774 3152 1840 3207 tle
1877 3152 2119 3210 Caecilio.
2199 3156 2330 3211 Imo
2353 3171 2466 3209 vero
2483 3147 2553 3204 hic

530 3232 778 3290 Caecilius
801 3228 993 3288 fatetur
1022 3269 1038 3296 ,
1083 3228 1216 3294 sese,
1258 3226 1604 3305 posteaquam
1626 3229 1918 3292 intellexit,
1960 3227 2090 3304 quid
2120 3246 2235 3284 non
2268 3229 2328 3286 fit
2358 3245 2469 3285 vera
2491 3242 2552 3280 re·

526 3308 667 3395 ligio
693 3344 711 3371 ‚
753 3306 1043 3364 defiderare
1073 3307 1488 3384 intelligentiam
1520 3343 1538 3370 ,
1572 3324 1659 3383 co*
1680 3307 1944 3362 uitionem
1974 3340 1990 3368 ‚
2037 3300 2435 3362 institutionem
2459 3300 2552 3358 reli·

531 3384 716 3464 gionis
740 3403 906 3451 verae3
946 3401 1064 3439 eam
1100 3403 1226 3437 vero
1249 3379 1540 3438 catechefin
1565 3382 1621 3437 in
1639 3323 1789 3436 ffiiem
1819 3379 2126 3455 sequentem
2152 3377 2306 3439 fuiffe
2334 3381 2549 3452 rejectam

532 3461 816 3519 Minucius
841 3458 1040 3516 scribit.
1118 3455 1216 3514 Sed
1247 3475 1401 3513 tanto
1437 3457 1614 3536 magis
1638 3455 1796 3513 doleo
1824 3498 1839 3523 ,
1880 3456 2100 3511 alteram
2145 3454 2291 3516 hanc
2318 3456 2551 3515 scholam·

576 3555 656 3595 uae
684 3537 992 3592 Minuciani
1014 3534 1136 3591 libri
1162 3536 1381 3610 optima
1405 3540 1459 3591 &
1485 3535 1734 3589 maxima
1756 3551 1875 3610 pars
1902 3527 2114 3595 fuiss‘et.
2144 3552 2262 3589 non
2290 3522 2553 3602 editamts·

561 3632 589 3667 e
617 3633 631 3668 z
677 3609 857 3667 saltem
890 3630 1001 3667 non
1035 3627 1237 3666 extare.
1317 3612 1469 3665 Nam
1496 3628 1671 3685 neque
1694 3607 1816 3665 satis
1838 3606 1917 3664 est
1936 3645 1951 3671 ‚
1990 3604 2183 3664 falsum
2210 3608 2553 3668 refelleretre·

538 3706 661 3743 rum
687 3690 849 3743 etiam
879 3686 1067 3743 docere
1092 3702 1335 3764 oportet:
1378 3703 1434 3741 ut
1458 3692 1512 3742 &
1548 3684 1681 3761 quid
1712 3703 1822 3740 non
1854 3682 1950 3748 fit,
1993 3689 2046 3739 &
2069 3682 2201 3760 quid
2237 3684 2301 3744 fit
2329 3689 2469 3743 Deus
2487 3693 2551 3737 aut

534 3761 766 3841 religio,
807 3779 1129 3842 exponatur.
1203 3760 1305 3821 Sed
1328 3761 1465 3820 bene
1499 3759 1660 3821 habet
1689 3780 1704 3819 z
1746 3759 1895 3838 quod
1927 3757 2018 3819 hie
2042 3757 2406 3824 desideramus
2426 3799 2444 3831 a
2476 3755 2557 3815 [Μ’

813 3885 818 3890 .
1047 3887 1050 3888 ⁷
2098 3835 2109 3848 ’
2384 3881 2391 3886 .
2484 3833 2562 3891 cire
