2703 4573
771 239 1808 345 ΟεἸ-ΑνιυεξΙ
2192 252 2260 353 7

149 371 248 463 fe,
263 371 605 447 socius-in
627 375 978 449 erroribus
1001 404 1016 449 :
1040 380 1112 453 &
1131 376 1291 452 cum
1313 434 1336 466 ‚
1367 377 1645 452 discussir
1668 377 1990 478 caligine,
2013 386 2033 420 ¹
2051 372 2136 449 de
2157 395 2252 452 te-

156 468 563 542 nebrarum
602 473 964 570 profundo
998 474 1067 545 in
1096 475 1325 547 lucem
1362 474 1743 574 ²fitpientiae
1773 480 1846 550 &
1867 473 2165 548 veritatis
2182 499 2254 546 e-

164 590 579 664 mergerem
610 625 630 655 ,
683 596 827 642 non
868 570 1122 676 respuit
1139 571 1466 643 comitem
1489 629 1509 661 ,
1556 570 1666 644 sed
1691 627 1714 659 ‚
1761 572 1953 669 quod
1976 570 2071 644 est
2092 569 2249 667 glo-

171 662 412 735 riofius
434 720 458 753 ‚
496 674 522 722 3
555 688 1033 760 ptaecucurrit.
1081 669 1317 763 ltaque
1341 692 1505 739 cum
1538 692 1659 764 per
1679 665 2054 742 universam
2078 689 2248 739 con-

188 757 413 831 vietus
463 761 684 832 nostri
743 765 817 835 ὃς
868 756 1332 837 familiaritatis
1402 782 1670 836 aetatem
1722 788 1871 837 mea
1920 761 2244 861 cogitatio

175 854 595 930 volveretur
641 917 665 950 ,
734 861 806 932 in
869 857 991 929 illo
1048 861 1395 957 praecipue
1451 861 1759 933 sermone
1811 860 1954 956 ejus
1996 857 2246 934 mentis

2078 976 2250 1026 meae

246 1072 341 1127 Ab
357 1086 411 1129 te
422 1092 539 1130 mee
539 1073 594 1150 fi
617 1087 825 1148 partem
847 1079 1033 1133 animae
1054 1083 1201 1155 rapit
1256 1077 1419 1133 lucem
1428 1076 1705 1155 shpt'entie
1736 1082 1799 1141 ό*
1830 1081 2083 1137 veritatis
2106 1093 2265 1133 emer-

246 1151 541 1207 Maturior
553 1153 804 1224 vis,qun'd
809 1172 981 1210 morer
994 1156 1195 1212 altera?
1252 1151 1488 1228 genem]
1537 1154 1677 1215 Vide
1703 1153 1769 1214 fis
1791 1175 1911 1232 quae
1936 1154 2265 1212 notabamus

171 1226 475 1282 Ouzelius.
520 1228 674 1283 Nam
702 1228 913 1303 reliqua
937 1230 1194 1288 erantde-
1265 1232 1321 1286 in
1388 1228 1502 1287 haec
1563 1231 1723 1288 verba
1785 1232 2077 1310 Apologet.
2133 1247 2257 1304 cap.

165 1299 375 1375 scripta
432 1304 636 1376 partim
677 1323 745 1359 ex
786 1306 1085 1364 Torrentio
1120 1306 1189 1365 ad
1263 1321 1481 1362 xxxxx.
1560 1312 1644 1363 At
1677 1322 1872 1382 quanto
1912 1304 2262 1383 digniusftae-

168 1375 341 1435 istum
385 1377 576 1434 locum
611 1416 627 1443 ,
682 1380 884 1455 partim
923 1399 990 1437 ex
1043 1384 1189 1442 notis
1258 1383 1452 1442 tres&
1474 1385 1720 1440 dicuntur
1746 1385 1812 1446 ὸ·
1835 1384 2123 1446 habentur,
2167 1381 2261 1455 qui

171 1456 262 1510 Io.
296 1454 482 1511 Pricaei
523 1453 590 1511 ad
636 1457 772 1513 Asta
809 1454 1062 1532 Apostol.
1102 1477 1182 1516 tv.

175 1549 269 1603 32.
311 1548 434 1604 qua:
476 1527 547 1588 fic
580 1531 886 1589 indecenter
926 1533 993 1591 ad
1031 1532 1187 1592 furti·

163 1625 301 1665 vum
332 1625 546 1662 nomen
561 1605 842 1665 transferri
862 1610 1063 1667 merito
1080 1616 1187 1667 ira-

160 1682 355 1739 scaris,
406 1682 510 1738 Sed
533 1703 627 1740 cur
655 1682 784 1742 hinc
804 1687 1071 1743 omittunt
1093 1686 1183 1744 isti

160 1759 487 1817 collectores
553 1761 843 1817 rimarium
873 1768 925 1818 δε
954 1763 1047 1820 ubi
1076 1765 1181 1820 vel-

162 1853 223 1892 ut
243 1839 330 1892 ori
377 1858 417 1893 o
438 1778 766 1892 fefeiviffimi
796 1834 955 1910 hujus
977 1840 1183 1895 [etmo-

165 1931 253 1969 ms
286 1933 316 1969 e

1255 1461 1318 1514 de
1362 1477 1464 1515 uno
1499 1472 1646 1515 utero
1695 1462 2007 1535 ignorantt'e
2037 1458 2259 1535 ejusdem

1255 1538 1506 1590 adunam
1528 1536 1682 1593 lucem
1709 1539 2024 1612 expaverint
2050 1538 2260 1591 verita-

1256 1613 1346 1666 tis.
1391 1612 1557 1668 Hunc
1585 1628 1764 1669 autem
1792 1612 1973 1669 locum
2000 1608 2259 1667 imitaba-

1256 1703 1341 1742 tur
1368 1687 1678 1763 Cyprianus
1700 1686 1768 1744 ad
1798 1687 2254 1744 Demetrianumt

1254 1764 1551 1819 Hortamur
1613 1766 1731 1820 dum
1784 1762 2020 1841 facultas
2077 1759 2249 1832 adest.

1255 1841 1363 1895 Deo
1369 1837 1684 1915 finisfhcere
1713 1876 1731 1905 ,
1788 1844 1851 1903 &⁰
1877 1843 1955 1896 ad
1973 1857 2105 1895 vere
2126 1838 2256 1895 reli-

398 1952 415 1978 ,
487 1912 641 1989 quod
685 1912 834 1968 dedit
874 1911 1183 1974 Aristoteles
1235 1916 1413 1988 gionis
1444 1919 1719 1972 candidam
1753 1917 1907 1972 lucem
1945 1918 2007 1972 de
2028 1910 2255 1990 proficu-

170 1987 269 2045 lib.
302 2008 388 2047 11.
432 1987 498 2044 de
541 1988 782 2064 Republ.
810 2010 846 2061 4
872 2000 889 2046 Ξ
940 1994 1180 2064 Καθάπερ
1246 1993 1311 2047 do
1337 1989 1611 2066 tenebrose
1619 1989 2010 2069 fieperstitiom's
2028 2007 2252 2066 emerge-

173 2060 233 2118 ὁ
256 2068 357 2126 τοῖς
374 2065 614 2137 ἐρωτικοῖς
640 2063 784 2135 firm·
807 2063 1012 2132 λέγοιἹσι
1030 2059 1076 2124 >3-
1091 2069 1183 2123 A'-
1245 2087 1322 2124 re.
1366 2066 1595 2124 Herald.

160 2140 412 2213 μςοφιίηιο
433 2179 451 2206 ,
496 2143 561 2201 ὦς
591 2140 638 2196 ἴ
657 2138 845 2215 {pamm
866 2140 949 2198 δὴ
974 2142 1030 2196 τὶ
1056 2141 1180 2212 σφὸ·

1324 2162 1357 2198 2
1392 2146 1670 2219 SaepIemiae
1698 2144 1761 2205 ὑ·
1779 2137 2074 2216 veritatis]
2122 2142 2250 2198 Hoc

155 2211 247 2289 ἧι
272 2219 436 2283 Φιλεῖν
476 2215 804 2286 ι’τιθυμιένἿω
839 2223 1087 2291 συμφῧνοᾳ
1129 2225 1178 2299 ’9
1240 2215 1321 2274 est
1345 2255 1362 2284 ‚
1452 2238 1588 2279 verae
1652 2216 1925 2296 sapientiae
1960 2243 1975 2274 ε
2047 2234 2246 2293 nempe

152 2294 375 2363 ψύθη
399 2297 455 2348 εἰι
484 2291 565 2351 δύο
587 2290 716 2353 m...
747 2294 1043 2370 ᾰμφοτέρκς
1070 2297 1174 2355 i'm.
1243 2293 1589 2355 Christianae.
1667 2298 1752 2354 Sic
1775 2294 2012 2353 feminas
2035 2294 2248 2371 sapien·

155 2372 514 2428 Gronovius.

1241 2370 1378 2428 tiam
1418 2371 1726 2430 consecutas
1763 2371 1907 2428 dixit
1947 2369 2246 2427 Tertullia-

227 2450 385 2504 Solus
409 2450 466 2503 in
493 2447 758 2505 amoribus
773 2444 994 2522 confisius
1019 2442 1157 2523 ipfi]
1244 2464 1373 2512 nus,
1414 2446 1775 2506 christianas.
1806 2451 2143 2505 &Socratem
2162 2443 2246 2500 sa·

150 2520 444 2582 Praestrnit
500 2520 912 2597 oportunislime
975 2525 1166 2581 austor

145 2602 313 2657 viam
336 2599 745 2674 exprobrationi
776 2636 792 2663 ‚
847 2618 955 2669 qua
982 2616 1167 2656 taxare

1273 2542 1363 2580 ere
1388 2523 1455 2581 ad
1481 2527 1758 2582 veritatem
1775 2560 1794 2589 ‚
1842 2540 1969 2581 cum
1988 2519 2055 2578 ad
2072 2519 2241 2578 chria

1234 2541 1541 2657 ilianornm
1582 2598 1712 2659 scita
1752 2602 1976 2677 propius
2021 2595 2240 2655 accede·

150 2674 395 2764 gentiles
427 2673 822 2751 compellendus
849 2693 964 2731 erat
993 2677 1164 2733 Osta-
1234 2675 1346 2734 bat.
1386 2678 1593 2753 Rigalt.

152 2772 273 2811 vius
293 2794 310 2818 ,
356 2751 509 2825 quod
532 2754 789 2810 Venerem
815 2749 1005 2827 passim
1021 2751 1167 2828 spar-

1312 2773 1333 2825 3
1383 2748 1727 2826 Praecurrit.]
1774 2747 2237 2812 Romanaeditio,

147 2847 362 2908 gerent.
402 2827 468 2885 Id
492 2830 572 2886 ita
595 2826 698 2885 effe
718 2826 1171 2886 confirmatnunc
1228 2846 1398 2904 quam
1426 2828 1544 2886 Ful.
1571 2827 1797 2885 Urflnus
1817 2825 2136 2892 adornavit,
2175 2831 2236 2881 dc

149 2912 247 2966 suo
259 2905 525 2981 exemplo
542 2942 558 2970 ‚
601 2904 734 2962 dum
763 2924 921 2960 more
944 2904 1162 2963 illorum

144 2980 576 3041 adolescentiam
620 2982 687 3038 ab
731 2979 783 3037 se
821 2981 1001 3037 astam
1030 2977 1168 3038 fate-

143 3078 255 3119 tur.
300 3062 577 3116 Caeterum
607 3059 783 3114 haereo
807 3075 877 3113 an
904 3076 1018 3113 non
1046 3054 1163 3113 sen-

141 3137 317 3194 tentia
357 3134 598 3192 Minucii
623 3132 831 3190 dederit
855 3132 1019 3190 aliam
1052 3130 1161 3189 dis-

142 3213 475 3271 tinstionem
524 3236 539 3266 .·
613 3208 859 3283 Siesblus
883 3213 940 3266 in
965 3214 1164 3266 amori-

143 3293 234 3348 bus
254 3287 517 3362 conscius,
560 3284 856 3361 ipftsbcius
877 3288 935 3341 in
960 3288 1159 3343 errori-

141 3369 249 3424 bus.
328 3369 397 3421 In
439 3365 616 3440 priori
653 3363 807 3418 enim
841 3378 990 3437 parte
1017 3359 1158 3419 istud

138 3442 243 3521 ips}
268 3439 351 3498 est
378 3439 774 3516 supervacuum
804 3461 824 3502 ‚·
877 3455 937 3494 ut
962 3437 1048 3495 ille
1076 3457 1155 3494 re·

141 3539 308 3595 petere
322 3518 505 3574 voluit
523 3517 640 3572 vim
659 3514 809 3571 vocis
812 3512 1157 3590 filus,quam

136 3597 191 3653 in
204 3594 474 3652 vocabulo
492 3592 602 3669 ipfi’
618 3592 891 3667 praeponit
909 3591 1061 3647 alteri
1082 3591 1160 3647 la·

132 3670 302 3731 scivi:
338 3670 646 3749 gentilibus
672 3664 861 3743 suetae,
907 3665 999 3723 etfi
1021 3664 1162 3737 [blus

129 3749 611 3828 iplbjunstaetiam
640 3760 954 3800 occurrant.
993 3744 1154 3799 Idem.

204 3846 234 3882 2
282 3831 369 3887 De
426 3825 778 3896 tenebrarum
805 3817 1064 3899 profimdo
1098 3822 1158 3879 in

1227 2904 1361 2961 liber
1399 2903 1799 2981 manuscriptus
1834 2941 1851 2970 ,
1904 2921 2072 2978 quem
2115 2901 2230 2978 ple-

1228 2998 1461 3057 rumque
1502 2981 1780 3052 sequimur
1806 3018 1850 3043 ,ἶ
1870 2979 2235 3055 precucurrit.

1229 3057 1385 3113 Libet
1411 3058 1564 3114 enim
1593 3057 1680 3114 hic
1706 3054 1947 3133 profiteri
1980 3092 1997 3119 ‚
2054 3071 2142 3109 me
2168 3053 2230 3108 in

1226 3131 1572 3191 emendando
1648 3133 1904 3190 Minucio
1982 3127 2236 3204 adjutum

1227 3227 1350 3267 cum
1400 3211 1596 3287 primis
1649 3208 1888 3266 editione
1937 3208 2229 3268 Romana,

1229 3292 1284 3345 &
1307 3286 1417 3342 alio
1435 3286 1676 3362 quodam
1706 3283 1847 3342 libro
1862 3320 1877 3347 ,
1917 3282 2064 3354 cujus
2082 3298 2232 3335 mar-

1264 3362 1344 3417 ini
1368 3363 1636 3420 variantes
1656 3361 1916 3419 lectiones
1938 3377 2006 3415 ex
2032 3374 2235 3415 manu·

1222 3381 1423 3512 iicripto
1449 3440 1628 3515 Regio
1654 3476 1671 3500 ,
1715 3443 1769 3494 δε
1798 3437 1919 3493 aliis
1947 3434 2098 3490 libris
2129 3435 2232 3490 Pe-

1224 3530 1337 3570 trus
1363 3514 1563 3572 Daniel
1593 3551 1611 3579 ‚
1664 3515 1745 3569 vir
1771 3506 2224 3573 humaniffimus‚

1226 3595 1279 3646 &
1302 3594 1413 3647 mei
1430 3586 1840 3655 studiosissimus
1859 3626 1877 3653 ,
1920 3585 2234 3645 adnotarat.

1226 3668 1456 3725 Wower.
2101 3687 2102 3694 ¹

1301 3738 1722 3816 Precucurrit.]
1801 3738 1887 3795 Sic
1929 3737 2125 3813 legitur
2165 3735 2229 3792 in

1227 3822 1356 3879 MS.
1395 3823 1539 3900 Reg.
1582 3826 1637 3877 &
1680 3816 1918 3873 editione
1947 3817 2228 3872 Romana.

1625 3900 1684 3951 A*
1714 3914 1749 3963 4
2073 3890 2234 3964 Qa-
