2703 4573
455 298 597 399 DE
658 294 1056 391 Euam-2
1114 299 1400 394 Pxo‘F,
1457 304 1817 397 RELIGI
1999 309 2179 419 331

73 435 182 513 nd
222 435 488 536 semper
525 443 886 515 atrocitate
916 444 1236 539 grassata,
1281 445 1358 516 in
1376 442 1868 518 constituendis
1886 432 2177 539 religios

73 535 299 606 nibus
344 535 614 609 rectum
665 539 926 635 aliquid
987 540 1218 635 potuit
1254 541 1566 613 invenire
1606 530 1637 612 ἓ
1703 539 2169 614 Simulacrum

76 629 230 702 hoc
262 631 593 726 Trojanis
622 657 868 705 avarus
907 635 1259 722 vendidit,
1304 634 1530 707 stultis
1563 634 1961 707 bominibus
1993 652 2169 706 vana

73 725 529 819 promittens.
577 728 1036 803 Vendebatur
1064 732 1261 802 Deus
1286 784 1309 818 ‚
1354 750 1435 802 ut
1467 729 1806 825 prodess‘et
1836 729 2166 825 emptori,

71 823 156 891 ὅτ.
201 840 480 915 empmr
512 821 915 919 suppliciter
951 823 1272 895 adorabat
1306 867 1328 908 ⁵
1399 825 1731 921 quicquid
1815 824 1973 896 aulo
2004 842 2168 899 ante

73 915 356 987 viderat
389 916 881 991 subhastatum.
931 918 1324 992 Substantia>
1341 940 1570 992 autem
1597 919 1768 991 fimu
1799 923 1936 990 acri
1957 917 2165 1014 ipfiu8

67 1034 169 1082 ex
209 1007 465 1082 offibus
502 1011 784 1107 Pelopis
818 1013 937 1084 est.
983 1014 1061 1087 Si
1097 1014 1396 1086 humana
1415 1015 1516 1085 vis
1538 1013 1815 1086 miseros
1845 1011 2165 1085 homines

74 1105 223 1181 ‘osia
269 1107 626 1196 venerari,
672 1107 969 1204 purioris
1009 1109 1241 1181 saltem
1274 1111 1348 1181 δε
1386 1108 1688 1181 castioris
1719 1108 2017 1180 hominis
2050 1132 2162 1180 re·

69 1198 335 1295 liquias
375 1203 650 1299 colligez
698 1202 1003 1275 Accedat
1036 1204 1229 1275 idolo
1260 1205 1449 1299 quod
1488 1203 1693 1292 sach,
1738 1227 1826 1276 ex
1858 1202 2161 1275 hominis
2274 1282 2282 1295 ,

71 1296 465 1387 virtutibus
500 1298 853 1370 meritum.
930 1298 1181 1394 Pelops
1215 1298 1287 1370 in
1323 1298 1587 1370 deliciis
1625 1298 1943 1370 amatoris
1979 1296 2165 1388 fuit9'

61 1390 152 1462 ὅτ.
189 1390 316 1462 diu
357 1393 707 1486 prostituti
740 1393 1024 1488 pudoris
1053 1394 1302 1464 damna
1334 1394 1671 1466 sustinuit.
1716 1394 1852 1466 Sed
1880 1417 2008 1465 nec
2037 1394 2161 1466 ad·-

75 1487 242 1557 ulto
283 1486 344 1556 ei
385 1487 599 1560 scelus
643 1488 884 1561 defuiti
979 1489 1044 1560 Is
1093 1489 1278 1561 enim
1331 1490 1529 1561 cu'us
1581 1487 1793 1560 filiam
1838 1489 2193 1584 petebat,-

59 1605 242 1653 cum
269 1577 511 1654 fraude
531 1584 899 1678 proditoris
921 1584 1204 1656 occidit.
1250 1585 1393 1655 Pro
1444 1583 1691 1655 itorem
1712 1583 1912 1654 etiam
1930 1582 2155 1678 ipsum

71 1674 396 1773 perjuriis
439 1677 789 1774 aggrefl'us
819 1678 916 1748 est
948 1724 970 1761 ,
1033 1679 1106 1751 &
1144 1704 1231 1750 ne
1270 1679 1592 1773 promiss'a
1630 1678 1946 1750 redderet
1979 1701 2156 1774 prae-³

71 1773 218 1843 mia
268 1818 290 1858 ,
361 1770 550 1844 hunc
603 1772 900 1844 eundem
946 1798 1069 1868 per
1102 1771 1267 1845 abru
1322 1793 1391 1844 ta
1439 1770 1813 1868 praecipitia
1840 1769 2161 1867 jactavitr

76 1860 198 1939 En
240 1865 441 1960 cujus
469 1866 689 1939 electa
725 1867 882 1938 sunt
921 1869 1097 1957 osta,
1151 1886 1230 1940 ut
1272 1797 1470 1942 Eeus
1497 1868 1739 1956 fieret,
1784 1870 1906 1963 qui
1948 1867 2156 1941 urbes

69 1964 148 2034 &
174 1976 395 2055 regna
415 1960 754 2035 servaret..
786 1963 919 2035 Sed
958 1988 1088 2035 nec
1124 1962 1418 2034 servavit
1453 1963 1823 2059 aliquando
1844 1987 1969 2036 nec
2041 1987 2157 2035 ro·-

71 2057 259 2144 fuit,
307 2056 382 2127 &
419 2058 586 2152 quid
623 2057 691 2128 se
728 2077 1034 2141 maneat,
1081 2082 1172 2129 ex
1214 2057 1531 2141 urbium,
1583 2060 1656 2128 in
1691 2057 1944 2152 quibus
2011 2059 2152 2143 uit,

71 2151 344 2223 casibus
379 2152 575 2224 vidit.
674 2152 955 2224 Incensa
995 2151 1093 2225 est
1130 2153 1350 2246 Troja
1385 2152 1424 2223 a
1460 2148 1731 2224 Graecis
1768 2208 1790 2237 ‚
1850 2156 1890 2225 a
1923 2150 2155 2225 Gallis

73 2245 326 2321 Roma
351 2303 373 2336 ,
419 2248 494 2320 &
527 2273 617 2320 ex
649 2267 947 2345 utroque
976 2246 1294 2321 incendio
1324 2247 1711 2322 Palladium
1733 2247 2155 2323 reservatum

61 2345 196 2418 est.
257 2343 394 2418 sed
439 2342 854 2416 reservatum
898 2367 1040 2416 non
1072 2344 1367 2441 propriis
1401 2342 1817 2434 virtutibus,
1862 2343 1977 2417 sed
2019 2346 2154 2420 hu*

73 2463 290 2513 mano
320 2437 680 2534 praefidio:
732 2438 820 2509 ab
860 2459 1161 2533 utroque
1202 2438 1389 2510 enim
1431 2437 1592 2510 loco
1632 2439 1946 2512 homines
1978 2441 2156 2515 libe·

72 2555 231 2608 rant
255 2587 280 2625 ‚
324 2536 401 2606 &
436 2534 832 2606 transsatum
870 2534 968 2606 cst
1008 2585 1028 2618 ,
1097 2556 1185 2605 ne
1225 2532 1530 2606 humano
1568 2531 2154 2629 flagraret-incen-

73 2632 217 2703 dio.
292 2629 536 2702 Tanto
571 2628 842 2704 numini
877 2629 1176 2701 humana
1207 2632 1490 2700 luerunt
1519 2629 1822 2723 praefidia
1859 2631 2154 2703 necessaa

53 2727 208 2810 τίη,
263 2725 343 2797 δε
375 2750 465 2797 ne
494 2724 799 2813 arderet,
849 2725 1231 2797 humanum
1268 2721 1595 2819 quaefivit‘
1617 2722 1970 2796 auxilium.
2016 2723 2155 2798 Dia

72 2818 292 2900 latum
311 2819 410 2892 est
429 2818 816 2894 Palladium
853 2819 939 2890 ab
977 2817 1296 2890 incendio
1323 2875 1348 2906 ,
1399 2842 1543 2889 non
1569 2817 1957 2892 liberatum
2001 2821 2154 2893 Stat

65 2915 410 2991 sententia
439 2970 462 3004 ‚
511 2931 744 2986 manet
779 2937 1035 3008 poena,
1080 2913 1259 3007 iguis
1302 2911 1652 2998 imminet,
1707 2914 1884 3012 ignis
1918 2933 2150 3012 urget,

75 3035 291 3107 quem
335 3011 551 3083 vitare
585 3032 728 3080 non
765 3010 1040 3104 poterin
1116 3008 1268 3102 Jam
1304 3009 1596 3103 parturit
1630 3002 1906 3082 flamma
1938 3010 2155 3084 coelea

70 3108 256 3198 stis„
311 3106 453 3201 jam
495 3104 755 3178 divinae
793 3101 1400 3176 animadverfionis
1438 3104 1855 3177 monstratur
1897 3105 2156 3180 advena

70 3221 218 3286 tus,
262 3203 411 3299 jam
450 3199 706 3273 futurae
738 3198 947 3271 cladis
982 3197 1354 3271 nunciatur
1396 3197 1729 3283 exitium,
1778 3199 1851 3271 in
1891 3199 2157 3275 hocin-

66 3299 325 3371 cendio
360 3295 742 3368 Palladium
782 3293 1069 3366 latebras
1106 3293 1419 3366 invenire
1456 3317 1601 3366 non
1634 3295 1930 3391 poterit,
1972 3295 2155 3392 ignis‘

65 3393 190 3467 iste
234 3389 582 3465 scrutatur
621 3389 853 3462 abdita
891 3445 915 3478 ‚
980 3388 1232 3484 quaerit
1272 3386 1590 3461 absconsa
1628 3404 1647 3458 2
1699 3391 1771 3461 &
1813 3390 2157 3485 quicquid

62 3505 381 3562 errantes
418 3485 729 3559 homines
764 3484 958 3557 vanis
986 3480 1534 3578 persuafionibus‘
1572 3482 1913 3578 perdidit,
1971 3483 2156 3578 rapi·-

60 3585 146 3657 da
168 3584 611 3657 flammarum
636 3580 1083 3676 populatione
1105 3576 1596 3673 compleaitur
1622 3604 1639 3650 :
1698 3578 1751 3672 -ἱ-
1767 3585 1952 3649 Venit
1970 3585 2160 3665 enirm

57 3678 395 3778 (inquit)
449 3678 576 3747 dies
615 3677 877 3746 Domini
914 3695 987 3744 ut
1022 3675 1239 3744 ardens
1277 3672 1567 3743 clibanus.
1661 3673 1934 3747 Audisti
1982 3674 2154 3771 quid

64 3780 334 3851 veniat.
381 3772 588 3845 Nihil
627 3770 770 3866 est,
818 3770 1012 3869 quod
1042 3790 1132 3847 ex
1169 3788 1239 3846 te
1275 3767 1654 3844 collectum
1693 3770 1765 3844 in
1802 3770 2159 3869 apothecis

63 3861 77 3872 “
259 3878 602 3944 τααιφψ
1400 3864 1518 3938 Ee
1569 3887 1620 3938 ι
1820 3909 1827 3912 -
1930 3865 2159 3957 domi-3

271 3995 302 4020 O
