2703 4573
905 198 1959 287 PRAEFATIO.

384 363 544 480 illic
576 364 734 449 haec
769 361 994 448 editio
1046 367 1129 448 in
1187 366 1385 448 notis
1423 359 1740 449 Ouzelii
1771 362 1877 446 ad
1915 361 2245 450 Minutii
2278 364 2490 453 Feli-

387 485 493 566 cis
531 479 962 561 Ostavium
1015 494 1246 589 neque
1281 474 1689 589 istaverba
1733 478 1891 569 &n
1902 474 2117 559 anilii
2154 503 2281 560 nec
2313 477 2494 562 alia

390 617 486 676 ex
521 588 677 703 istis
712 588 1066 674 Ethnicis
1082 587 1582 702 scriptoribus
1623 589 1988 701 prodgtcit
2023 644 2076 688 ,-
2127 588 2230 685 ό»
2244 589 2494 705 suffi’..

396 726 554 787 cere
587 701 776 787 mihi
810 694 1228 784 videbatur
1261 759 1290 799 ‚
1347 728 1582 819 quum
1619 706 1700 782 in
1742 707 2022 813 pagina
2066 728 2226 810 172.
2286 715 2483 788 ver-

371 813 606 933 sarer
645 868 676 911 ‚
731 830 1019 898 monere
1054 809 1358 924 expulsa
1397 809 1530 922 effe
1573 811 2034 897 Latinorum
2121 824 2479 899 'cetarum

386 924 527 1041 ista
567 922 719 1007 loca
761 989 796 1023 ,
905 929 1205 1007 uoniam
1239 922 1501 1038 procul
1536 923 1757 1008 dubio
1810 945 1987 1009 ante
2126 924 2479 1011 uzelium

280 1128 293 1139 ‚
364 1036 641 1151 forent
676 1034 772 1121 ab
804 1043 914 1139 ai
970 1062 1060 1118 uo
1102 1032 1399 1124 collecta
1433 1092 1464 1135 ‚
1516 1054 1608 1119 ut
1659 1032 1868 1125 nulla
1909 1036 2205 1121 deberet
2234 1044 2316 1122 in
2350 1039 2485 1121 his

389 1145 524 1267 effe
559 1148 922 1245 hominisi
951 1144 1096 1233 Eas
1122 1156 1421 1260 gratia.
1497 1147 1790 1260 Forsan
1835 1143 2221 1263 propterea
2254 1150 2510 1235 Ληθὼ

389 1261 594 1348 tabit
627 1261 754 1372 iste
793 1257 1533 1454 nonsngerstitiosus,
1590 1279 1681 1344 nt
1716 1264 1975 1365 videri
2009 1259 2241 1359 vult,
2280 1263 2483 1374 Dis-

367 1372 720 1490 sertawr
772 1430 801 1470 ,
873 1399 975 1455 an
1081 1398 1184 1455 aec
1240 1397 1358 1456 res
1406 1376 1523 1454 ita
1560 1369 1691 1481 fit.
1800 1375 2049 1460 Norit
2086 1379 2330 1486 igitur
2370 1375 2476 1458 ab

391 1482 721 1572 Ouzelio
756 1511 900 1570 non
923 1479 1152 1595 fuiffe
1192 1482 1595 1596 inspectum
1637 1482 2071 1573 Manilium.
2188 1491 2470 1570 Etiam

386 1603 600 1685 norit
632 1625 778 1682 non
813 1601 1052 1707 magis
1089 1601 1526 1699 examinata
1544 1592 1779 1707 fuzffe
1815 1595 1911 1680 ab
1955 1594 2282 1681 Ouzelio
2324 1597 2471 1710 ista

388 1710 633 1794 verba
677 1766 704 1809 ,
797 1734 1030 1822 quam
1090 1708 1350 1792 Rome
1406 1705 1503 1790 ab
1554 1707 1909 1820 ministris
1953 1707 2284 1820 publicis
2338 1708 2481 1796 vel

370 1814 654 1937 scribis
689 1825 1128 1930 examinata
1140 1817 1479 1932 fuerunt
1517 1816 1762 1906 edicta
1791 1840 2207 1934 praetorum
2230 1879 2256 1920 ‚
2295 1851 2475 1936 quae

260 1948 261 1951 ‘
393 1935 483 2019 hi
501 1927 989 2047 jubebantur·
1008 1958 1103 2013 ex
1138 1929 1301 2015 albo
1334 1934 1420 2015 in
1453 1927 1717 2015 album*
1747 1931 2277 2045 transscribere
2297 1991 2326 2031 ,
2379 1953 2483 2019 ut

393 2046 492 2130 ab
529 2042 676 2127 illis
675 2042 907 2152 fieret
941 2039 1234 2156 aliquid
1253 2040 1833 2128 translaticium.
1891 2044 2284 2156 Universa
2320 2045 2468 2154 ista

394 2153 700 2266 recensto
749 2157 1206 2240 Latinorum
1244 2212 1274 2254 ‚
1317 2153 1463 2267 sed
1505 2153 1603 2249 ό*
1658 2157 2100 2251 Graecorum
2140 2213 2166 2253 ‚
2215 2176 2476 2270 poeta..

395 2296 574 2355 rum
604 2286 908 2382 propter
960 2263 1112 2349 loca
1153 2265 1309 2351 Dei
1364 2270 1590 2350 unius
1624 2272 2064 2353 mentionem
2092 2267 2480 2378 facientia

262 2433 271 2438 -
394 2405 873 2574 nequequam
929 2381 1148 2461 venit
1201 2378 1297 2461 ab
1360 2376 1690 2464 Ouzelio
1730 2413 1757 2463 .-
1865 2379 1955 2463 ed
2001 2406 2164 2463 eam
2227 2399 2473 2466 totam

397 2498 750 2606 competit
788 2496 870 2574 in
910 2515 1143 2573 unum
1198 2489 1429 2598 bonus
1465 2490 1678 2574 homo
1722 2492 1799 2577 E
1828 2485 1943 2576 ias
1980 2491 2339 2577 Schedius
2375 2491 2471 2576 de

399 2610 598 2692 {Diis
636 2606 1039 2696 Germanis
1073 2622 1227 2715 cap.
1288 2628 1479 2692 ΧΠ.
1517 2621 1704 2714 pag.
1775 2608 1941 2698 216,
1999 2604 2129 2690 ubi
2158 2605 2261 2718 ¹est
2309 2608 2516 2717 ipsa,

301 2777 312 2790 ,
399 2714 534 2801 illa
594 2711 907 2801 Manilii
960 2718 1221 2798 citatio
1293 2739 1460 2797 cum
1513 2712 1845 2829 reliquis.
1971 2719 2190 2822 Certe
2234 2723 2472 2800 etiam

401 2856 548 2915 non
576 2825 799 2940 potest
837 2824 986 2908 dici
1022 2822 1567 2935 Adeistdaemon
1586 2885 1612 2926 ‚
1667 2854 1795 2910 nec
1832 2828 2092 2913 Graece
2130 2855 2469 2943 unquam

381 2938 499 3054 fic
537 2941 783 3027 elifius
798 2934 976 3051 fuit
997 2995 1023 3036 ‚
1079 2942 1214 3051 qui
1247 2941 1488 3021 credit
1506 2963 1559 3036 ,Χ
1598 2940 1795 3052 quod
1830 2938 2123 3024 credere
2155 2968 2298 3022 non
2338 2940 2469 3023 de-

404 3051 527 3136 bet
547 3109 573 3149 ,
634 3050 730 3146 &⁴
754 3049 982 3133 audet
1006 3053 1505 3163 pronunciare
1525 3050 1614 3135 de
1640 3051 2420 3165 partibusstudiornm
2440 3110 2475 3151 ,

403 3190 607 3279 quas
641 3186 1110 3357 nezuaquam
1158 3160 1557 3356 izquistvit
1592 3183 1737 3248 aut
1788 3169 2077 3261 novit,
2159 3164 2256 3259 ό
2292 3165 2481 3250 hinc

401 3277 642 3360 dicere
696 3303 742 3359 a
771 3279 1018 3388 iquem
1063 3293 1201 3386 pro
1257 3270 1493 3383 uxiffe
1541 3273 1816 3368 multos
1848 3275 2261 3387 scriptores
2319 3335 2345 3376 ‚
2420 3274 2472 3359 k

406 3415 552 3502 quo
584 3411 673 3470 ne
709 3411 903 3470 unus
957 3384 1257 3500 quidem
1284 3385 1694 3499 productus
1734 3386 1830 3499 est
1867 3415 1903 3479 ;
1954 3384 2191 3472 multo
2227 3393 2477 3500 magis

403 3498 564 3586 ideo
605 3496 947 3611 accusare
980 3503 1320 3583 innoxios
1364 3496 1463 3592 ό
1496 3497 1712 3582 bonos
1729 3501 2095 3584 veritatis
2110 3500 2471 3585 athletas.

529 3613 637 3697 Ut
671 3627 1164 3713 revertamur
1195 3609 1299 3693 ad
1338 3612 1761 3697 Minucium
1783 3668 1809 3708 ,
1864 3629 2064 3696 certe
2092 3610 2230 3724 ista
2262 3611 2470 3696 colle·-

408 3726 628 3813 tima
670 3720 1437 3837 longarnmnotarum
1475 3721 1608 3808 vel
1629 3730 1881 3838 potius
1900 3721 2504 3841 deliriptiommt'x

1421 3867 1424 3876 ·
2311 3864 2466 3922 nto-
