2703 4573
736 260 1675 380 &c‘fav'r'iisss

2010 352 2020 362 .
2100 283 2257 379 rae

180 414 347 493 rrius
361 476 382 507 ,
433 440 598 496 non·
616 421 911 499 auditur.
967 426 1067 529 Er
1096 451 1182 500 ne
1197 427 1473 528 longius
1495 434 1751 507 multos
1768 424 1972 528 Joves
1991 415 2261 515 obeam,

168 666 380 722 riarum
412 670 748 743 numerum,
785 666 949 745 utq‘ue
964 667 1189 748 postad-

170 739 553 802 hortationem
575 746 642 802 ab
660 750 931 805 Wowero‘
944 750 1188 809 relictam

168 815 230 874 se
252 837 368 895 quo
411 840 475 876 ue
500 820 800 879 ostenderet
822 820 1033 881 strenue
1052 826 1191 903 egis-

174 892 234 950 se
273 895 346 951 ad
427 917 531 953 unc
573 898 753 956 locum
794 901 1188 975 reparandum,

171 969 460 1046 sequendo
495 971 655 1048 preffe
683 971 911 1053 vestigia
937 976 1097 1052 ipfius
1130 980 1190 1035 in

174 1046 352 1104 verbo
378 1051 593 1114 aditur,
637 1048 726 1107 sed
744 1051 1061 1130 Rigaltiauo
1075 1050 1191 1110 sen·

174 1121 268 1181 su.⁴
316 1121 575 1181 Attamen
601 1122 719 1182 fieri
747 1145 862 1183 non⁷
887 1127 1055 1204 potest
1070 1150 1098 1192 ‚·
1134 1147 1192 1187 ut

181 1202 313 1277 quis
368 1196 466 1258 fibi
516 1201 825 1278 persuadeat
873 1207 1188 1262 Minucium

177 1288 433 1333 mentem
483 1279 751 1336 intentam
793 1277 1026 1337 habuiffe
1061 1281 1193 1361 legi-

180 1353 288 1410 bus
319 1356 524 1412 Numae
554 1392 571 1419 ‚
624 1353 916 1429 praesertim
947 1375 1117 1433 quum
1147 1360 1189 1415 is

179 1427 321 1486 reste
357 1431 524 1488 unico
566 1431 707 1488 libro
742 1429 1006 1507 scripserit
1040 1437 1193 1490 audi-

182 1521 282 1586 tur
314 1544 331 1570 ,
385 1525 496 1564 non
534 1512 719 1564 aditur
741 1530 762 1573 ‚·
815 1507 871 1564 id
908 1509 1055 1584 quod
1085 1507 1193 1566 {ine

177 1598 437 1639 extrema
478 1585 778 1655 temeritate
816 1587 1007 1660 nequit
1048 1587 1193 1657 rejici

156 1663 278 1716 'aut
299 1657 498 1735 sperni.
542 1658 664 1717 Vah
682 1660 704 1715 f
740 1672 832 1717 cur
854 1657 1096 1718 fecerunt
1118 1664 1195 1718 ita

174 1737 433 1794 certatim
456 1746 473 1791 ἓ
515 1736 687 1813 quum
715 1736 931 1794 licentia
952 1736 1053 1794 ista
1075 1738 1195 1794 nul-

176 1812 240 1870 lo
289 1811 465 1868 modo
504 1813 822 1883 adjunctum
866 1812 962 1870 fibi
1000 1811 1194 1870 habere

161 1900 351 1965 ‘queat
384 1890 676 1966 augurium
716 1885 976 1947 restitutae
1001 1891 1194 1946 verita-

175 1967 255 2022 t'is
269 2002 286 2029 ,
335 1965 591 2040 inprimis
604 1963 641 2022 fi
657 1963 1039 2040 praecedentem
1055 1972 1194 2040 quo-

182 2052 297 2117 que
335 2043 582 2098 voculam
612 2039 861 2118 respicias
888 2042 1020 2098 adeo
1046 2043 1194 2099 saevis

180 2114 373 2189 modis
391 2134 590 2174 tortam
612 2155 629 2182 ,
672 2135 732 2174 ut
755 2117 1049 2192 cogitando
1080 2136 1192 2174 nou

179 2191 491 2259 sufficiam,
535 2191 738 2250 nedum
755 2192 1061 2253 refutando·
1100 2199 1193 2251 Sa-

182 2291 257 2327 ne
298 2269 525 2347 quidem
555 2266 697 2328 istud
725 2292 826 2329 non
852 2274 1073 2328 auditur
1098 2289 1193 2327 ne-

171 2345 296 2405 *fcio
318 2347 544 2424 probare
559 2385 576 2411 ,
617 2345 751 2405 ficut
774 2342 1065 2423 probaville
1084 2365 1193 2404 cte-

184 2422 282 2481 das
321 2423 544 2481 Gallica:
585 2422 842 2481 versionis
871 2424 1151 2480 austorem
1173 2460 1190 2487 ,

185 2499 324 2556 dum
349 2500 525 2559 reddit
548 2498 799 2573 &sellam
827 2502 1123 2557 Pheretrien
1151 2502 1200 2557 il

182 2576 256 2653 ss
280 2593 439 2635 muet.
478 2576 578 2633 Sed
601 2575 657 2633 id
686 2586 887 2634 vanum
916 2572 1026 2641 est,
1066 2579 1196 2653 quia

182 2671 305 2710 non
367 2657 548 2731 magis
607 2655 862 2710 convenit
925 2656 1191 2717 Feretrio,

181 2745 356 2803 quam
385 2729 702 2805 Capitolino
718 2730 1023 2786 autLatiati
1040 2748 1071 2795 ,‘
1098 2731 1195 2861 <ini

177 2824 285 2862 nec
323 2808 337 2861 i
386 2804 420 2861 fi
454 2804 773 2863 audiuntur.
835 2809 1036 2864 Verum
1085 2807 1193 2880 aio

182 2894 327 2939 cum‘
361 2882 539 2939 erculo
570 2880 675 2940 huc
702 2882 851 2940 adire
871 2899 1102 2959 oportet,
1145 2884 1197 2937 1-

181 2977 350 3035 taque
376 2978 487 3015 non
513 2960 714 3035 opinor
732 2957 1003 3037 tangenda
1021 2995 1037 3022 ‚
1080 2976 1199 3034 quae

185 3052 364 3112 quum
398 3056 465 3092 ex
491 3035 541 3092 se
566 3034 706 3093 nihil
732 3034 977 3100 haberet,
1018 3034 1196 3091 aliun-

182 3112 253 3168 de
286 3111 513 3189 protulit
539 3113 597 3169 in
623 3112 864 3169 editione
898 3110 989 3169 sua
1016 3110 1189 3167 Cella-

178 3191 331 3253 r‘iuS,
376 3191 635 3265 qaoniam
662 3191 719 3246 in
742 3189 1187 3245 membranatam

177 3263 310 3323 casti
316 3283 444 3344 gata
471 3286 583 3323 non
600 3264 747 3323 decet
761 3265 898 3323 adeo
914 3262 1055 3321 vaste
1067 3282 1190 3320 eva·

161 3344 302 3421 ⁴§.zati
317 3373 344 3408 ,·
379 3344 634 3419 inprimis
655 3360 826 3418 quum
844 3341 986 3397 ultro
1002 3338 1051 3398 se
1066 3360 1186 3416 pro-

179 3417 274 3477 dat
314 3424 531 3478 veritas.
610 3422 746 3477 Nun
795 3418 1041 3476 adibatur
1071 3415 1190 3495 misto

182 3501 432 3571 tempore
456 3498 749 3560 Feretrius,
791 3495 977 3551 multis
994 3491 1192 3551 saeculis

179 3571 322 3631 adiri
346 3573 569 3632 deflerat
597 3610 614 3637 ,
681 3570 882 3628 nedum
910 3587 969 3627 ut
993 3569 1196 3645 opimis

179 3648 492 3708 indueretur
513 3667 604 3706 aut
623 3647 879 3726 spestaret
900 3663 1159 3722 pompam
1173 3685 1187 3701 .

175 3730 445 3786 Feretrius
513 3733 761 3801 tempore
833 3724 1070 3780 Minucii
1134 3723 1191 3777 in

176 3807 477 3863 vanitatem
556 3805 872 3858 maximam
948 3798 1190 3856 redatfiffls

169 3885 310 3941 erar.
388 3881 490 3942 Sed
517 3880 689 3939 etiam
716 3894 873 3936 antea
901 3894 1075 3954 quum
1100 3873 1197 3934 ad-

2156 543 2265 600 tot

1262 666 1375 734 hue*
1404 666 1669 733 ferrentur
1701 667 1784 733 illi
1826 693 1862 732 0
1904 676 2061 755 ima;
2124 666 2262 752 quid
2324 668 2329 676 ’

1263 752 1410 809 aliud
1433 750 1498 809 des
1519 771 1585 807 eo
1610 747 1787 827 p‘otuit
1808 770 1867 807 ee
1887 748 2058 808 ebrari
2086 789 2106 816 ,
2155 749 2261 807 nist

1258 828 1409 904 quod
1433 823 1761 899 veracissime
1784 826 1853 883 de
1879 842 1946 884 eo
1978 832 2122 883 nunc
2142 830 2264 883 me‘-

1261 905 1494 961 mo'tavit
1512 903 1792 959 Minucius
1809 941 1825 965 ,
1870 907 2070 977 nempe
2083 908 2262 959 nomed

1253 983 1496 1037 auditur.
1539 973 1776 1035 Mirifice
1790 974 1857 1035 fic
1873 977 2114 1034 traduxit
2124 996 2260 1055 gen-

1253 1053 1748 1113 tilismistultitiam
1768 1090 1785 1117 ,
1828 1053 2057 1130 quinon
2089 1052 2260 1110 modo

1256 1151 1460 1188 vanum
1500 1129 1551 1188 se
1588 1125 1879 1186 ostenderit
1921 1131 1980 1185 in
2013 1131 2264 1186 numini-

1259 1208 1358 1266 bus
1385 1204 1558 1271 fictis,
1598 1205 1794 1282 quibus
1819 1202 2113 1262 statuarum
2145 1193 2263 1263 cuf-

1258 1302 1344 1342 tns
1370 1282 1650 1358 adaptatus
1672 1278 1820 1346 fuit,
1853 1280 1939 1352 (de
1976 1282 2260 1339 ‘uibuseo-

1258 1358 1384 1416 dem
1427 1374 1708 1435 propterea
1747 1357 1917 1414 modo
1957 1301 2077 1415 {lere
2103 1359 2260 1436 loqui
2309 1399 2318 1410 .

1260 1436 1439 1512 potuit
1465 1434 1828 1492 Tertullianus
1868 1435 1927 1491 in
1975 1435 2262 1514 A‘p‘ol'oget.

1259 1514 1534 1588 Qantum
1573 1514 1741 1585 igitur
1783 1513 1846 1566 de
1883 1511 2006 1566 Diis
2041 1511 2268 1583 vestris,

1258 1591 1468 1646 nemina
1489 1585 1809 1662 solummodo
1845 1589 1995 1644 video
2034 1590 2268 1660 quorun'iss
2319 1586 2327 1595 ’

1254 1665 1378 1721 dani
1411 1668 1644 1719 velerum
1672 1675 1990 1719 mortuorum
2019 1666 2082 1724 &-
2098 1661 2265 1738 fabu-

1258 1742 1342 1796 las
1365 1738 1559 1810 audii»)
1609 1735 1699 1794 sed
1723 1741 1888 1813 etiam
1920 1740 2167 1795 maxime
2201 1738 2267 1797 in*

1261 1816 1368 1872 illis
1396 1853 1412 1880 ,
1469 1833 1707 1890 quorum
1736 1813 1941 1872 n‘ullam
1974 1808 2264 1872 liabet'sta-

1261 1907 1412 1948 tuam
1429 1929 1446 1955 ,
1486 1890 1573 1947 sed
1597 1905 1811 1946 tantum
1833 1883 2262 1966 soletappenare',

1256 1966 1407 2044 quod
1435 1965 1780 2042 contingebat
1809 1980 1986 2022 revera
2009 1964 2135 2023 huic
2172 1970 2266 2023 Io·

1258 2040 1337 2099 vi}
1417 2046 1481 2100 In
1521 2040 1628 2099 hoc
1656 2058 1768 2111 erat
1793 2039 1936 2099 istud
1960 2040 2262 2122 singulare,

1256 2136 1317 2176 ut
1349 2138 1522 2195 quum
1565 2120 1622 2175 in
1654 2116 1771 2175 aliis
1803 2118 2028 2190 jacietur
2054 2119 2133 2175 vel
2167 2128 2277 2197 ge‘e‘

1258 2193 1369 2252 stus
1392 2202 1446 2253 &
1476 2194 1690 2252 habitus
1715 2230 1733 2259 ,
1785 2193 1870 2250 vel
1904 2195 2053 2252 astio
2074 2191 2269 2255 statuis

1258 2292 1446 2329 eorum
1485 2270 1724 2330 accidere
1755 2268 1906 2329 solita
1934 2308 1952 2336 ,
2004 2288 2264 2332 neutrum

1258 2345 1432 2426 potest
1470 2351 1528 2406 in
1564 2349 1798 2405 Feretrio
1833 2345 2024 2405 habere
2053 2350 2262 2408 locum.

1262 2428 1397 2483 Non
1439 2423 1518 2481 esi:
1550 2423 1747 2483 scilicet
1780 2424 1892 2481 illic
1916 2422 2267 2486 simulacrum

1265 2519 1357 2558 aut
1381 2499 1584 2565 statua,
1627 2518 1746 2577 quae
1767 2498 2034 2587 spe-stetur
2055 2539 2071 2566 ,
2116 2520 2176 2559 ut
2203 2504 2266 2562 iu

1267 2578 1389 2634 aliis
1412 2579 1670 2633 omnium
1698 2594 1995 2633 numinum
2021 2578 2269 2656 templis,
2361 2575 2370 2587 '

1266 2651 1357 2709 fed
1381 2671 1438 2709 ut
1464 2655 1518 2709 in
1540 2649 1708 2710 Vestae
1723 2653 1834 2708 anti
1917 2653 2078 2719 ioris,
2117 2656 2269 2714 nulla

1264 2727 1693 2787 i’liic'fimulacra.
1731 2729 1853 2804 Qi
1899 2736 2069 2807 ergo?
2107 2743 2267 2788 nem*

1264 2825 1329 2881 pe
1348 2824 1500 2877 quum
1524 2802 2018 2862 Feretrius'dieitur‘
2040 2829 2076 2871 ,·
2119 2815 2264 2864 nonss

1265 2881 1561 2946 nifilnomen
1582 2883 1799 2939 auditur
1826 2905 1847 2948 ,¹
1896 2881 2045 2957 quud
2071 2883 2273 2942 scilicet

1261 2978 1455 3016 notum
1485 2960 1775 3035 unicuique
1799 2954 1879 3017 est
1901 2995 1919 3024 ,
1959 2960 2181 3037 perinde
2202 2976 2267 3019 ut

1258 3035 1484 3093 Tacitus
1508 3038 1777 3093 German.
1806 3054 1928 3113 cap.
1953 3056 2046 3105 41.
2107 3039 2270 3095 Albis

1261 3131 1394 3167 nunc
1421 3126 1624 3169 tantum
1651 3115 1904 3178 auditur,
1946 3132 2060 3171 non
2093 3115 2267 3172 etiam

1261 3185 1560 3264 speciatur,
1601 3206 1692 3245 aut
1716 3192 1990 3247 Romanis
2007 3188 2270 3268 praesidiis
2318 3234 2338 3251 a

1263 3262 1519 3321 infidetur
1546 3302 1566 3336 ,
1617 3266 1891 3343 >quoniam
1916 3266 2178 3325 Claudius
2200 3281 2267 3327 ea

1255 3338 1440 3397 referri
1467 3342 1542 3397 eis
1555 3338 1812 3400 Rhenum
1827 3340 2059 3415 jusserat,
2078 3360 2138 3400 ut
2157 3344 2261 3401 ali-

1259 3416 1314 3475 bi
1340 3419 1577 3474 narrav'it
1601 3420 1849 3475 Tacitus.
1910 3421 2111 3477 Nomen
2133 3423 2268 3490 vere>

1259 3495 1472 3570 quoties
1497 3513 1585 3567 pei·
1618 3494 2050 3552 contrastiouem
2073 3496 2134 3552 in
2157 3516 2265 3555 non

1258 3570 1486 3642 ¹coaluit?
1529 3573 1716 3628 Immo
1741 3571 1798 3628 iu
1817 3571 2121 3637 Indicum,
2163 3574 2265 3652 qui

1259 3645 1430 3701 additi
1483 3648 1604 3703 sunt
1653 3641 1811 3704 inseri
1856 3646 2095 3706 tionibus
2131 3649 2269 3707 Rei·
2318 3661 2323 3662 ⁷

1262 3719 1526 3786 nefianis,
1569 3741 1783 3781 notatur
1881 3726 1939 3782 N
1971 3739 2096 3782 eom
2139 3718 2267 3783 lect'i

1259 3816 1414 3854 voces
1435 3818 1610 3856 nomen
1637 3800 1716 3857 vel
1739 3804 1966 3858 nomine.-
2008 3807 2064 3861 δι
2122 3802 2262 3861 cad.

1253 3891 1478 3935 vocatur
1518 3872 1608 3933 hic
1643 3875 1797 3937 locus
1821 3877 2063 3940 Minucii
2086 3913 2108 3947 ,
2167 3883 2266 3961 uhi
