2703 4573
518 307 608 380 Iu
658 310 767 382 M.
821 311 1117 384 Minue.
1165 313 1437 411 Fumo.
1484 312 1929 388 Oct-ravum.>
2149 321 2313 434 '485-

201 427 316 494 cire
345 423 522 504 potest
560 420 853 506 Augustini
874 430 1005 488 liber
1032 431 1098 486 de
1120 430 1478 489 Catechiz'an.
1517 433 1698 491 rudib.
1737 437 1832 510 qui
1858 430 1911 491 «Sc
1937 433 2077 513 leges
2105 443 2158 494 &
2183 436 2301 494 for·

206 504 420 572 mulam
450 506 639 579 veteris
668 504 996 564 catecheseos
1022 508 1290 584 eleganter
1322 507 1572 566 describit
1596 531 1611 564 ι
1655 517 1708 575 δι
1737 511 2024 585 quomodo
2049 511 2108 568 fit
2131 532 2301 589 agen·

204 579 341 635 dum
369 599 496 636 cum
528 581 705 647 doctis
732 587 783 637 &
813 582 1067 645 literatis,
1108 586 1271 639 etiam
1302 603 1522 641 monet:
1566 604 1742 661 neque
1763 585 2072 643 dissimilem
2102 591 2301 647 Minu-

157 660 164 665 “
200 655 275 724 cii
308 672 464 723 aetate
490 655 650 711 credo
682 655 975 723 catechefin
1008 655 1158 720 fuiss'e
1186 680 1201 713 ι
1247 666 1299 716 &
1335 658 1420 716 his
1443 678 1661 736 quoque
1694 662 2031 737 temporibus
2056 683 2166 720 uon
2197 665 2299 720 ob·

198 727 403 785 servari
448 734 643 786 miror.
724 734 884 801 Juvat
920 751 1100 793 autern
1135 770 1152 796 ‚
1197 752 1254 793 ut
1282 735 1568 793 Caecilium
1595 736 1904 792 audivimus
1932 736 2294 796 accusatorem

196 810 255 875 §c
282 804 647 873 adversarium
667 845 683 875 ,
727 824 874 870 nune
903 809 1058 864 rebus
1081 807 1353 870 conversis
1387 808 1618 884 spectare
1650 810 2124 871 catechumenum.
2183 818 2296 871 Ca-

163 876 168 881 ’
199 881 515 936 teehumeni
543 898 670 951 tunc
694 884 857 943 etiam
886 883 1292 959 appellabantur
1324 887 1632 947 auditores,
1674 887 1756 941 vel
1787 886 2098 953 audienteS,
2143 888 2295 950 ficuti

197 974 271 1026 ex
298 955 486 1013 multis
518 958 846 1019 Tertulliani
869 961 999 1015 locis
1030 976 1249 1034 apparet
1277 981 1291 1021 ι
1334 978 1592 1037 erantque
1622 962 1877 1036 inprimis
1907 963 2138 1028 docileS,
2182 966 2292 1022 mi-

200 1032 467 1106 nimeque
498 1029 796 1099 refrastatii
829 1054 843 1089 ε
900 1031 1048 1108 quod
1089 1041 1142 1090 &
1174 1033 1287 1111 ipse
1323 1037 1597 1095 Lucianus
1644 1039 1701 1092 in
1747 1035 2022 1112 Philopat.
2064 1039 2288 1099 indicat.
2322 1072 2323 1075 =

198 1105 575 1163 Contentiosae
614 1110 796 1183 itaque
822 1107 1213 1183 disputationes
1252 1111 1407 1166 nullae
1431 1128 1567 1167 zum
1604 1112 1672 1166 iis
1708 1130 1900 1167 eraut:
1944 1111 2029 1168 sed
2062 1115 2292 1190 placidis

207 1181 616 1255 monitionibus
649 1185 840 1260 religio
868 1184 1177 1240 docebatur.
1258 1183 1383 1247 Post
1413 1185 1703 1242 catechesiu
1738 1224 1756 1252 ,
1797 1188 1891 1263 qui
1916 1187 2025 1260 jam
2070 1187 2159 1246 sua
2188 1199 2325 1245 nos

201 1259 364 1314 mina
410 1256 649 1327 Ecclefiae
691 1259 949 1314 dederant
982 1297 998 1325 ,
1039 1274 1111 1324 ut
1148 1257 1421 1336 baptismo
1461 1263 1801 1325 initiarentur
1828 1301 1844 1328 ‚
1889 1264 2134 1339 appellati
2164 1264 2288 1323 sunt

161 1334 324 1402 [com
370 1350 615 1390 etentes:
659 1353 960 1404 eorumque
1000 1333 1180 1392 rursus
1228 1340 1284 1391 in
1318 1335 1512 1392 ordine
1550 1338 1834 1397 Caecilium
1874 1340 1982 1411 jam
2037 1341 2285 1397 nostrum

198 1401 303 1482 con
336 1412 506 1481 picere
523 1410 693 1481 juvat.
778 1406 903 1477 Post
930 1408 1261 1487 baptismum
1288 1410 1603 1474 candidatus
1634 1413 2160 1490 deniquepatticeps
2190 1415 2287 1474 fie-

200 1484 296 1542 bat
318 1484 366 1540 ff
389 1485 628 1554 μυςηρίωυ
654 1522 670 1548 ,
715 1481 747 1541 a
772 1486 969 1561 quibus
1005 1504 1160 1542 antea
1193 1487 1378 1561 procul
1409 1484 1579 1544 abesse
1600 1488 1902 1561 jubebatur.
1984 1493 2176 1566 Neque
2206 1490 2287 1549 sa-

195 1578 272 1617 ne
299 1559 367 1615 de
394 1562 463 1617 iis
493 1597 510 1625 ,
554 1578 644 1616 aut
668 1559 974 1637 promiscue
998 1559 1269 1634 disputare
1296 1597 1315 1626 ,
1358 1580 1449 1617 aut
1477 1582 1657 1618 coram
1689 1563 1931 1638 profanis
1964 1564 2286 1622 hominibus

200 1632 451 1693 disserere
489 1673 505 1699 ,
548 1637 775 1708 majores
812 1632 982 1691 nostri
1024 1634 1283 1692 solebant.
1337 1636 1546 1693 ,Testis
1579 1635 1656 1693 est
1688 1638 1972 1694 Theodor.
2017 1641 2074 1695 in
2115 1643 2282 1697 Eran-

195 1713 356 1771 Nam
399 1712 492 1769 illa
527 1709 824 1789 religiosius
853 1729 1013 1786 atque
1042 1711 1176 1768 adeo
1212 1711 1464 1768 timidius
1504 1713 1784 1770 tractanda
1815 1711 1914 1769 effe
1943 1713 2242 1781 sentiebant
2265 1737 2283 1774 ι

184 1794 262 1846 Ἠδε
289 1788 550 1863 quorsum
578 1789 782 1862 alioqui
810 1806 887 1853 res
913 1787 1191 1857 evaderet,
1232 1788 1395 1866 longe
1414 1785 1828 1871 prospiciebant.
1910 1793 2097 1867 Itaque
2124 1792 2283 1860 licet,

198 1882 328 1920 cum
362 1861 731 1920 accusarentur
766 1882 959 1931 eorum
1000 1863 1216 1931 συνάξεις
1243 1901 1261 1928 ,
1307 1882 1509 1942 magna
1531 1862 1683 1929 causa
1707 1862 1811 1922 effe
1846 1866 2114 1923 videretur
2136 1904 2152 1932 ,
2186 1887 2283 1930 cur

198 1957 270 1994 ex
313 1957 478 1995 onere
510 1939 764 1995 deberent
788 1939 1049 2016 quicquid
1077 1941 1133 2006 in
1176 1940 1242 2006 iis
1268 1958 1542 2016 ageretur,
1583 1958 1768 2002 tamen
1797 1939 1863 1997 de
1892 1939 2166 2018 mysteriis
2195 1946 2286 2001 ni-

203 1958 499 2072 hifdicunt
521 2015 580 2086 in
611 2012 766 2088 soto,
808 2034 981 2092 neque
1001 2015 1069 2083 de
1092 2017 1160 2071 iis
1192 2034 1318 2072 cum
1356 2014 1668 2072 adversariis
1695 2032 1787 2074 aut
1821 2017 2159 2079 contendunt
2188 2035 2282 2082 aue

194 2088 442 2166 litigant.

284 2172 463 2241 Atque
500 2164 613 2240 haee
637 2165 859 2253 quidem
902 2164 1165 2228 hactenus
1206 2165 1436 2223 breviter
1464 2185 1802 2241 praemonere
1831 2166 2005 2226 visum
2034 2167 2138 2227 fuit
2161 2206 2180 2234 ,
2219 2185 2280 2231 ut

200 2239 276 2299 ad
301 2243 524 2299 octavii
553 2244 862 2299 Minuciani
902 2242 1190 2300 lestionem
1221 2245 1366 2298 viam
1402 2244 1562 2300 veluti
1595 2245 1977 2317 praemunirem
2007 2282 2025 2309 ,
2068 2265 2189 2323 quse
2221 2255 2279 2312 &c

196 2314 640 2375 Christianarum
680 2319 1065 2395 antiquitatum
1114 2322 1442 2374 memoriam
1483 2319 1638 2375 nobis
1681 2319 2072 2387 commendat,
2129 2330 2180 2379 &
2208 2322 2279 2386 ad

192 2413 323 2456 eam
354 2394 725 2450 renovandam
762 2414 861 2451 nos
888 2396 1115 2458 excitat,
1162 2396 1257 2466 qui
1285 2401 1338 2450 &
1370 2395 1574 2469 alioqui
1610 2397 1896 2457 Romanas
1913 2415 2066 2454 tanto
2095 2397 2280 2456 studio

190 2466 600 2554 persequimur.
668 2474 845 2545 Atque
882 2471 1093 2526 utinam
1130 2472 1226 2546 qui
1278 2472 1474 2535 Romae
1516 2467 1637 2534 sunt
1679 2470 1826 2532 docti
1873 2472 2127 2530 homines
2163 2513 2179 2539 ,
2218 2483 2275 2531 δε

169 2546 414 2604 'nullum
446 2565 557 2601 nou
588 2547 750 2620 etiam
781 2546 1014 2623 lapidem
1041 2547 1324 2615 revolvunt
1355 2583 1372 2604 ,
1419 2545 1731 2617 nullamque
1758 2567 1869 2602 non
1903 2548 1959 2603 in
1987 2548 2116 2624 ipsis
2138 2550 2278 2623 lapi-

165 2621 362 2692 ·dibus
391 2620 597 2681 literam
628 2617 942 2685 observant,
986 2638 1043 2676 ut
1071 2624 1307 2696 antiqua:
1337 2620 1568 2695 Reipub.
1608 2620 1813 2693 aliquid
1844 2640 2036 2682 eruant
2066 2644 2080 2678 ι
2133 2643 2275 2679 vete-

191 2699 522 2772 ris‘quoque
551 2695 784 2766 Ecclesiae
816 2714 1180 2754 monumenta
1225 2696 1452 2772 (quibus
1473 2693 1665 2763 eadem
1700 2697 1821 2752 urbs
1847 2697 2114 2767 abundat)
2161 2700 2275 2756 col·

192 2772 461 2852 ligerent,
504 2770 816 2847 pluresque,
859 2774 956 2849 qui
984 2774 1041 2829 in
1068 2791 1130 2827 ea
1158 2779 1209 2827 &
1237 2776 1489 2827 vixerunt
1515 2809 1531 2831 ,
1574 2777 1627 2826 &
1660 2769 1845 2845 sepulti
1877 2770 2030 2837 suut,
2076 2777 2272 2830 Minu-

165 2844 308 2907 ‘eios
334 2851 678 2916 excitaretitl
720 2849 857 2904 Satis
889 2850 1002 2921 jam
1043 2886 1060 2908 ,
1103 2845 1227 2910 satis
1266 2844 1343 2914 est
1382 2865 1650 2914 novorum
1681 2846 2273 2924 daereligionelibelloi-

195 2944 348 2983 rum.
431 2925 710 2988 Veteribus
742 2924 919 2997 potius
955 2924 1011 2978 in
1054 2922 1227 2993 lucem
1258 2922 1573 2988 revocandis
1611 2921 1766 2994 hujus
1789 2925 2002 3000 generis
2028 2924 2272 2997 reliquiis

197 3018 427 3077 operam
460 2997 650 3054 demus
676 3023 691 3054 .·
734 3006 787 3054 &
816 2996 979 3055 simus
1007 2996 1303 3072 aliquando
1327 2996 1501 3065 <30⁸3ae
1530 2999 1869 3073 antiquitatis
1893 3000 2073 3074 potius
2101 3018 2272 3075 quam

167 3075 382 3133 ‘inanis
424 3070 681 3130 novitatis
717 3071 935 3146 studiosi
968 3094 982 3130 :
1027 3075 1410 3148 majorumque
1447 3069 1757 3129 nostrorum
1799 3077 2068 3152 imagines
2104 3083 2159 3132 δε
2182 3082 2277 3139 ιιι·

165 3167 449 3210 'tueamur
483 3187 500 3214 ,
544 3156 600 3206 &
627 3149 747 3206 aliis
780 3186 798 3219 ,
852 3168 920 3206 ne
959 3152 1088 3205 novi
1120 3148 1372 3204 homines
1395 3145 1494 3203 eise
1518 3147 1657 3204 forte
1684 3148 1994 3213 videamur,
2032 3147 2276 3208 ostente-

198 3247 347 3284 mus·
382 3229 580 3301 Neque
622 3241 805 3281 tamen
833 3261 850 3288 ,
889 3222 979 3281 etfi
1016 3222 1202 3279 eadem
1244 3242 1435 3290 eorum
1472 3221 1669 3299 religio
1699 3262 1714 3288 ‚
1755 3224 2080 3299 animusque
2118 3226 2269 3284 idem

163 3301 392 3367 fuerit,
434 3293 623 3357 eadem
693 3297 870 3372 noque
895 3297 1101 3376 semper
1127 3297 1289 3355 facies
1315 3295 1459 3366 fuit,
1497 3298 1708 3364 idemve
1731 3297 1917 3357 status.
1959 3305 2094 3358 Non
2111 3306 2267 3359 enim

194 3377 410 3457 stmper
430 3373 608 3432 vexati
639 3319 938 3450 abjectique
974 3375 1279 3446 jacuerunt,
1323 3393 1497 3449 neque
1530 3378 1832 3432 tam-autin
1877 3379 1979 3433 rati
2003 3394 2095 3433 aut
2118 3379 2273 3452 incpe-

188 3454 240 3511 ti
271 3450 490 3509 fuerunt
524 3445 541 3515 ,
596 3469 655 3507 ut
689 3446 906 3526 optimo
946 3450 1058 3520 jure
1097 3449 1433 3525 optimaque
1457 3448 1770 3506 conditione
1801 3470 1831 3507 e
1871 3471 1900 3507 e
1942 3450 2277 3518 recusarint,

161 3524 326 3589 “cum,
362 3526 465 3583 hoc
501 3528 568 3583 iis
602 3525 752 3597 licuit
787 3544 880 3601 per
908 3526 1180 3604 Principes
1225 3521 1611 3590 Christianos:
1657 3545 1830 3603 neque
1851 3544 1970 3583 tam
1990 3525 2127 3584 fatui
2152 3565 2170 3593 ,
2211 3546 2272 3585 ut

187 3603 302 3663 hoc
324 3599 587 3668 beneficio
620 3621 731 3657 uon
767 3617 1043 3658 uterentur
1073 3622 1089 3659 ι
1132 3620 1307 3677 neque
1334 3618 1449 3655 tarn
1490 3601 1670 3677 iniqui
1701 3640 1719 3666 ,
1764 3620 1822 3660 ut
1853 3601 2044 3679 siquid
2072 3604 2131 3658 in
2162 3602 2274 3661 suis

157 3678 621 3755 -fmperatotibus
647 3676 1030 3741 defideratent,
1071 3693 1411 3756 paganorum
1455 3676 1535 3747 (ut
1564 3676 1617 3731 ro
1661 3679 1865 3751 uimur)
1906 3695 2271 3755 tyrannorum

187 3757 316 3824 loco
337 3774 432 3811 eos
457 3751 716 3809 haberent
746 3773 762 3808 ι
803 3765 978 3827 neque
1005 3770 1118 3810 tam
1146 3751 1350 3809 morosi
1388 3794 1403 3819 ,
1445 3770 1503 3809 ut
1526 3753 1632 3827 pub
1660 3758 1747 3811 icat
1773 3754 2150 3828 tranquillitati
2186 3758 2274 3811 ni-

157 3831 274 3911 ·ssil
296 3823 596 3913 'quicquam
625 3826 1034 3906 condonasset,
1099 3830 1322 3908 Loquor
1350 3820 1421 3888 de
1443 3830 1694 3965 iiii’hqm
1722 3849 1838 3889 nou
1865 3827 2082 3890 fuerunt
2109 3828 2272 3905 dege-

229 3908 234 3915 '
336 3915 342 3934 ²
463 3913 474 3930 ³
1221 3909 1231 3922 ‘
1505 3967 1518 3977 ,,
1546 3963 1551 3970 ,
1647 3923 1680 3980 3¹
2096 3922 2285 3972 acts&
