2703 4573
454 289 594 376 DE
655 296 1049 379 ERRORE
1111 297 1392 381 Pnop.
1455 300 1804 390 Raeto.
2000 298 2180 409 ’μί’

66 426 398 515 faciunt,
444 431 517 503 ὅ(
552 454 777 501 annua
810 431 881 503 in
915 431 1180 526 templo
1212 451 1374 503 vota
1404 434 1801 506 decernunt.
1842 433 1981 507 Sed
2007 435 2165 507 nul-

67 524 146 596 lo
193 547 462 621 genere
498 526 729 596 matris
772 525 974 597 dolor
1011 526 1341 611 vincitur,
1391 553 1517 598 nec
1554 529 1900 601 muliebris
1942 530 2171 623 impa-·

74 621 361 693 tientiae
399 639 740 692 tormenta
775 641 1120 692 curantur.
1217 623 1351 693 Sed
1409 625 1686 695 credens
1739 649 1898 696 vere
1948 623 2161 697 filiam

70 738 316 810 prope
361 715 721 810 Syracusas
756 715 888 786 ess‘e
930 715 1134 787 visam
1183 772 1207 805 ‚
1280 717 1726 813 Triptolemo
1764 719 2001 792 villico
2040 719 2165 791 suo

71 810 276 883 duce
298 866 320 899 ‚
352 809 730 888 „nocturnis
764 810 1119 883 itineribus
1154 811 1235 882 ad
1274 813 1713 906 Syracusanae
1732 814 2028 885 civitatis
2051 815 2168 886 lit-²

74 923 197 978 tus
248 929 418 982 cum
457 904 737 999 lugubri
774 904 959 976 veste
997 930 1075 976 ac
1112 906 1383 977 sordido
1420 907 1757 1003 squallore
1804 909 2162 1003 pervenit,

73 1025 217 1072 nec
269 1000 373 1070 illi
407 999 627 1071 defuit
664 1055 689 1089 ‚
755 1000 875 1095 qui
932 1001 1277 1072 credulam
1338 1002 1426 1072 de
1484 1002 1973 1075 calamitatibus
2028 1003 2166 1074 suis

71 1096 368 1168 falleret
409 1114 722 1170 matrem.
799 1096 1013 1167 Tunc
1043 1095 1134 1167 ait
1168 1094 1235 1167 se
1263 1097 1649 1180 Pandarus„
1700 1096 1923 1168 nescio
1959 1098 2111 1193 quis
2136 1152 2160 1189 ,

71 1190 336 1263 vidiss'e
389 1211 534 1261 non
584 1190 792 1285 longe
828 1189 866 1260 a
903 1191 1230 1285 Pachyno
1269 1215 1509 1263 navem
1548 1210 1888 1287 raptorem
1932 1192 2161 1265 ascen-

73 1285 261 1358 disse
296 1309 461 1358 cum
505 1284 800 1379 virgine.
853 1283 1247 1357 Persuasum
1289 1285 1387 1355 est
1428 1286 1743 1375 mulieri,
1794 1311 1949 1383 quae
1984 1299 2164 1383 quo-³

70 1380 264 1452 libet
313 1404 565 1476 genere
617 1379 850 1451 viv'ere
887 1379 1100 1450 filiam
1141 1379 1458 1476 cupiebat
1499 1380 1732 1452 audire
1770 1438 1793 1470 ,
1872 1382 2161 1455 infinitis

73 1474 377 1549 dotibus
419 1494 809 1550 remunerat
841 1474 1214 1546 civitatem.
1317 1476 1714 1570 Syracusani
1760 1476 2198 1557 liberalitato>

72 1570 406 1654 mulier-is
447 1568 799 1663 provocati
840 1624 862 1657 ‚
929 1590 1202 1663 raptum
1242 1570 1525 1664 virginis
1563 1569 1955 1643 consecrant
1990 1625 2011 1653 ,
2081 1573 2157 1643 δε

80 1665 496 1760 mitigantes
523 1661 832 1733 dolorem
871 1663 1102 1734 matris
1142 1689 1464 1760 pompam
1508 1666 1730 1736 miseri
1762 1663 2014 1737 funeris
2037 1687 2159 1736 ex-

78 1759 347 1840 colunt
385 1759 646 1829 honore
681 1758 1126 1852 templorum.
1175 1762 1310 1833 Sed
1340 1782 1467 1830 nec
1497 1760 1632 1833 hoc
1659 1758 1903 1832 sufficit
1935 1762 2158 1845 matr-i,

72 1853 200 1928 sed
248 1852 517 1926 ascensa
555 1876 726 1922 nave
765 1877 886 1946 per
928 1855 1285 1949 peregrina
1335 1854 1564 1926 littora
1614 1853 1826 1925 filiam
1882 1855 2153 1950 quaerit.

76 1951 200 2023 Sic
250 1947 578 2022 fluetibus
615 1946 1258 2042 tempestatibusque
1284 1948 1534 2045 jactata
1565 1949 1645 2020 ad
1687 1950 1936 2021 Atticae
1968 1949 2160 2021 urbis

77 2044 337 2122 locum
376 2042 709 2138 pervenit.
758 2043 910 2114 Illic
947 2042 1237 2138 hospitio
1273 2063 1543 2138 recepta
1569 2099 1591 2133 ,
1636 2042 1876 2114 ineolis
1914 2044 2158 2139 incog-

77 2142 325 2212 nitum
370 2138 594 2212 adhuc
627 2137 931 2216 triticum
968 2138 1239 2211 dividit.
1311 2137 1545 2209 Locus
1586 2161 1674 2209 ex
1710 2138 1923 2233 patria
1958 2141 2029 2210 &
2064 2162 2154 2209 ex

80 2237 404 2316 adventu
430 2232 731 2313 mulieris
764 2257 1016 2305 nomen
1052 2232 1330 2326 accepit.
1379 2232 1565 2304 Nam
1599 2243 1619 2274 ¹
1646 2233 1909 2306 Eleufis
1930 2231 2162 2306 dietus·

78 2331 238 2420 est,
290 2328 480 2423 quod
524 2327 692 2399 illuc
731 2328 983 2410 CereS,
1031 2326 1266 2399 relicta
1299 2326 1601 2418 Henna,
1652 2349 1948 2400 venerat.
2006 2328 2157 2404 Sic-

77 2451 229 2521 que
283 2442 436 2503 tum
496 2421 633 2516 ipsa
686 2422 1085 2516 dispensatio
1135 2422 1323 2515 quod
1381 2423 1696 2493 attulerat
1759 2421 2151 2514 frumenta,

78 2516 481 2612 tum.⁴quod
534 2516 1078 2612 colligendarum
1128 2516 1410 2611 frugum
1453 2518 1818 2588 tradiderat
1856 2518 2155 2613 discipli-

75 2640 250 2691 nam
280 2668 303 2700 ,
355 2611 504 2706 post
541 2631 833 2684 mortem
870 2612 963 2683 ob
996 2611 1413 2682 beneficium
1448 2666 1470 2699 ,
1516 2612 1705 2706 quod
1741 2636 1826 2682 ex
1864 2610 2162 2707 frugum·

76 2708 299 2806 copia
335 2704 730 2783 nascebatur
752 2762 769 2789 ,
817 2708 889 2778 δε
934 2705 1191 2800 sepulta
1228 2705 1299 2775 in
1334 2730 1422 2775 eo
1454 2705 1615 2775 loco
1647 2704 1743 2777 est
1789 2705 2037 2800 pariter
2073 2709 2153 2777 δε·

74 2804 481 2879 consecrata
507 2857 523 2882 ‚
578 2802 649 2871 ὃς
686 2800 922 2873 divino
960 2824 1117 2871 curn
1157 2798 1302 2870 filia
1335 2799 1669 2895 appellata
1699 2800 2004 2871 nomine.
2052 2803 2154 2870 A-

77 2919 234 2974 mat
277 2898 464 2973 enim
502 2894 914 2968 Graecorum
949 2894 1185 2966 levitas
1219 2918 1375 2982 em,
1421 2895 1539 2990 qui
1567 2894 1684 2965 fibi
1706 2893 1960 2990 aliquid
1986 2919 2157 2967 con-

74 2994 424 3078 tulerint,
471 2989 582 3061 vel
625 2990 746 3084 qui
783 2989 1069 3061 consilio
1098 3007 1216 3060 aut
1256 2988 1512 3060 virtute
1546 2988 1609 3060 se
1640 2989 1947 3084 juverint
1979 3045 2002 3071 ,
2048 2991 2155 3060 di-

76 3087 275 3172 vinis
320 3085 658 3180 appellare
693 3082 1113 3155 nominibus.
1205 3083 1300 3153 Et
1329 3081 1420 3155 fic
1460 3081 1545 3153 ab
1585 3082 1738 3179 ipfis
1777 3082 2158 3156 beneficio-'2

72 3206 248 3257 rum
295 3181 508 3275 gratia
537 3176 928 3273 repensatur
967 3235 984 3263 ,
1055 3196 1135 3261 ut
1167 3176 1328 3248 deos
1359 3178 1590 3249 dicant
1619 3232 1642 3267 ‚
1709 3180 1782 3249 &
1822 3179 1993 3254 deca
2020 3181 2157 3257 esse

72 3275 422 3362 credant,
469 3275 587 3369 qui
632 3271 1154 3369 fibialiquando
1196 3269 1600 3367 profuerint.
1671 3273 1784 3344 Sic
1819 3275 1903 3343 de
1937 3277 2152 3346 Libe-

73 3397 157 3448 ro
202 3367 386 3441 Nisa
421 3392 560 3440 non
602 3367 870 3439 dubitat
892 3424 914 3457 ,
972 3392 1100 3439 nec
1124 3368 1209 3438 de
1240 3368 1437 3439 novis
1471 3366 1756 3462 ambigit
1787 3367 2022 3461 Sparta
2045 3369 2156 3462 sy·-

69 3465 417 3547 dex-ibus,
464 3484 719 3539 cremat
761 3464 833 3534 &
874 3460 1219 3533 consecrat
1249 3459 1631 3532 Herculem
1675 3461 1875 3532 tristis
1907 3461 2161 3553 Getas„

63 3565 209 3655 ᾖδε
256 3556 299 3640 ἐ
335 3556 522 3636 vanis
560 3554 1267 3640 Cretenfibus‘adhuc
1309 3555 1565 3629 mortui
1611 3556 1806 3657 Jovis
1842 3557 2162 3723 tumugus

1182 3674 1187 3677 ⁷
1988 3675 2026 3721 a
2076 3677 2155 3722 0·-

152 3771 185 3811 ι
238 3748 434 3823 Eleusis
450 3748 620 3823 distas
640 3747 709 3823 est
721 3744 751 3825 1
801 3745 959 3816 Mem
985 3744 1093 3818 ‘tta-
1235 3768 1270 3814 a
1305 3749 1374 3812 Et
1397 3746 1438 3805 A·
1452 3749 1615 3817 vanis
1632 3743 1983 3822 Cretensibus]
2011 3746 2163 3827 Vide

59 3825 389 3920 &aanor
413 3824 919 3915 Etxmvlffsssbsms
1161 3821 1507 3911 Summe-⁰⁵·

129 3908 185 3935 2
484 3920 485 3923 ‘
1587 3897 1700 3978 ,Μ
1738 3919 1774 3980 z
1918 3914 1957 3979 3.
1993 3898 2167 3983 Μ’ἐε
