2703 4573
488 308 649 393 zuo

481 408 630 473 facio
658 454 676 483 ,
729 416 880 492 quod
909 437 1075 480 nemo
1100 439 1153 483 te
1179 426 1377 486 rectius
1403 430 1489 486 in·

481 493 717 567 telligat,
761 514 927 570 quam
950 500 1306 578 multiplicem
1331 504 1488 563 usum

937 286 1069 370 M.
1125 288 1595 402 Mnemon
1661 283 2077 381 Famis

1562 430 1629 489 ab
1655 429 1956 491 editoribus
1981 443 2301 506 exceptus,
2359 414 2573 486 habitus·

1562 527 1668 582 que
1692 504 1855 564 fixerit
1885 546 1901 573 ,
1960 509 2188 585 penitus
2225 502 2575 591 perspiciatur.

483 586 730 626 accurata
769 574 1109 646 antiquitatis
1149 581 1489 656 cognitio-ad
1562 587 1815 660 Princeps
1844 587 2106 642 Romana
2132 582 2323 639 editio
2349 601 2382 668 a
2411 579 2578 638 fausto

482 644 756 721 reliquum
784 667 953 708 omne
981 649 1284 711 studiorum
1314 676 1488 736 genus
1562 660 1746 717 Sabaeo
1778 659 1844 717 ad
1878 661 2140 718 Vaticani
2178 657 2395 716 codicis
2435 655 2579 744 fidem

482 720 796 779 ornandum
825 761 842 791 ι
900 729 1320 807 augendumque
1355 752 1491 811 prae·
1564 738 1946 812 procurata-ita
1971 737 2162 794 locum
2183 773 2213 800 ‚ff
2252 746 2427 810 quem
2458 734 2582 797 dm,

484 793 610 853 ster.
683 801 830 856 Cum
855 806 1004 859 enim
1034 807 1175 863 reste
1196 806 1488 879 judicares,
1561 810 1784 869 exbibet
1815 835 1830 870 ε
1896 816 2085 870 Diana
2118 815 2358 869 interim
2392 809 2461 885 est
2491 812 2585 868 alte

475 871 702 931 -nihilin
720 878 973 936 Veterum
998 877 1208 960 scriptis
1231 900 1345 942 tam
1373 884 1490 943 abs·
1546 887 1817 964 fisccim‘la
1869 892 2138 946 venatrix·
2173 911 2197 954 ,-
2275 889 2347 948 &
2399 885 2585 962 prefia

1562 969 1799 1022 mammis
1828 968 2008 1022 multis
2036 969 2100 1027 ῥ’
2135 966 2387 1022 verubus
2417 976 2586 1019 extru-
2654 996 2657 1039 .'

1564 1040 1649 1096 Ha
1672 1065 1691 1105 ;
1750 1045 1814 1103 ἐν
1835 1044 2032 1099 Trivia
2057 1044 2235 1098 trim‘s
2255 1041 2512 1117 capitibus
2531 1041 2583 1099 ὑ·
2654 1060 2659 1111 ξ

486 949 694 1007 trusum
725 990 743 1018 ,
773 954 887 1011 ·aut
910 956 1196 1016 obscurum
1224 959 1494 1019 delitesce-

457 1048 462 1053 ’
488 1027 578 1091 re,
622 1029 756 1103 quin
779 1029 952 1088 lucem
982 1035 1219 1111 aliquam
1250 1035 1286 1095 ὲ
1308 1037 1492 1112 priscis

487 1108 870 1164 'monumentis
906 1113 1146 1185 mutuari
1177 1110 1329 1187 poffit
1355 1151 1371 1177 ‚
1431 1133 1496 1172 ea

413 1234 418 1238 ,
487 1178 592 1235 nbi·
616 1178 771 1237 carisa
797 1179 901 1243 suit
931 1222 949 1250 ,
1002 1206 1096 1244 cur
1117 1188 1494 1256 Bibliothecae,

488 1260 657 1331 quam
696 1257 1100 1320 celeberrimam
1153 1263 1498 1332 instruxisti,

485 1349 730 1388 veterum
766 1335 1069 1396 tabularum
1102 1376 1121 1405 ‚
1177 1339 1458 1418 {ignorum
1479 1380 1497 1409 ‚

488 1407 891 1467 numismatum
922 1454 939 1481 ,
994 1421 1048 1472 &
1075 1414 1494 1494 inscriptionum

488 1483 869 1561 supelled‘tilem
910 1488 1186 1624 colpiosam
1234 1494 1499 1568 adjunxe-

488 1580 609 1628 11⁵3
668 1579 727 1619 ut
766 1565 955 1623 univer
982 1586 1072 1623 am
1106 1568 1333 1629 eruditae
1357 1573 1502 1629 anti-

490 1638 714 1712 quitatis
735 1645 1065 1699 memoriam
1086 1644 1378 1703 deirorum
1401 1647 1498 1704 ho·

485 1714 712 1770 =minum
744 1718 915 1773 oculis
955 1717 1302 1794 sped‘tandam
1339 1722 1500 1797 subji-

487 1807 655 1845 ceres·
694 1791 864 1849 Nunc
887 1812 1000 1850 rem
1023 1794 1191 1870 ipsam
1210 1798 1497 1877 cognosce.

489 1864 735 1924 Nummi
776 1885 971 1928 veteres
1016 1873 1215 1932 Dianae
1259 1874 1498 1953 Ephesiae

1538 1174 1541 1177 .
1563 1120 1741 1174 multis
1763 1120 2001 1175 manibus
2025 1118 2318 1192 horrifica.

2404 1119 2482 1172 Ita
2507 1116 2586 1172 tri-

1565 1193 1687 1270 plex
1714 1196 1878 1251 unius
1911 1196 2112 1252 Dianae
2161 1210 2390 1250 numen
2428 1192 2584 1255 notis,

1565 1267 1836 1346 signisque
1865 1269 2243 1343 peculiaribus
2266 1285 2508 1329 accurate
2526 1286 2586 1354 er

1560 1343 1802 1404 fabulosa
1831 1348 2148 1404 Gentilium
2183 1340 2584 1430 theologiadrs-

1560 1423 1730 1478 tinxit
1765 1421 2008 1481 eruditus
2050 1424 2324 1498 scriptor.
2384 1423 2584 1478 Lecho·

1561 1517 1685 1555 nem
1716 1501 1910 1576 primae
1933 1499 2206 1557 editionis
2222 1498 2483 1574 religiose
2495 1495 2584 1552 ser-

1556 1576 1705 1632 vavit
1745 1574 2053 1633 Bafileenfis
2085 1614 2102 1639 ,
2165 1583 2228 1637 &
2276 1573 2585 1632 Heidelber-

1558 1649 1734 1730 genfis
1761 1654 1958 1710 Franc.
1980 1652 2283 1719 Balduini3
2338 1669 2458 1707 tum
2484 1652 2584 1736 Ro:

1560 1746 1729 1783 mana
1753 1727 2024 1805 posterior
2054 1767 2073 1794 ,
2145 1747 2280 1806 quae
2318 1747 2391 1784 ex
2429 1725 2580 1812 Fulvsu

1559 1802 1748 1861 Urfini
1804 1803 2117 1862 recensione
2168 1804 2394 1883 prodiit
2422 1831 2440 1871 3
2495 1798 2580 1857 nisi

1560 1880 1708 1954 quod
1732 1883 2109 1956 ,conjeesturam
2133 1883 2302 1939 suam
2330 1882 2417 1937 vir
2445 1896 2578 1936 accu-

490 1938 675 2020 effigie
703 1940 896 2020 {ignati
931 1984 947 2011 ,
993 1967 1227 2023 quorum
1259 1955 1501 2011 nonnul·
1560 1954 1820 2029 ratissime
1855 1956 2052 2015 doetus
2101 1959 2365 2092 marPini
2402 1955 2579 2032 appiu-

490 2020 575 2075 los
598 2019 800 2079 tabellae
823 2022 1087 2096 adjunstae
1099 2025 1394 2094 exhibent,
1431 2049 1498 2086 eo
1560 2051 1728 2108 gens,
1771 2038 1886 2090 hon
1909 2036 2145 2092 verubus
2170 2073 2188 2101 ,

2259 2035 2331 2090 ed
2360 2032 2578 2090 uberibus

492 2090 526 2152 a
553 2092 740 2151 statuis
768 2100 1048 2174 Menetreji
1077 2101 1346 2161 industria
1372 2125 1498 2182 pro·
1522 2120 1530 2199 Ι
1557 2108 1850 2186 legendum
1871 2129 2122 2168 moneat.
2185 2109 2581 2168 DefideriiHffi

491 2169 671 2227 due'tis
726 2168 1035 2242 differunt,
1091 2178 1252 2255 'quod
1316 2184 1529 2245 Deam,-

433 2272 437 2277 ·
489 2264 867 2307 mammarum
938 2251 1175 2329 pondere
1240 2255 1493 2316 onustam

488 2320 677 2381 fulcris
727 2327 1049 2389 quibusdam
1094 2329 1197 2388 five
1233 2307 1528 2402 destinis‚¹

491 2418 632 2474 quos
655 2396 917 2478 scipiones
936 2403 1171 2464 nodosos
1191 2407 1495 2477 existimcS,
1520 2375 1528 2476 i

1556 2186 1693 2242 raldi
1738 2185 2045 2244 Parifienfis
2090 2186 2376 2246 Advocati
2427 2183 2576 2270 editio

1556 2260 1758 2339 duplex
1790 2262 1991 2322 deinde
2027 2266 2370 2323 Romanam
2404 2259 2579 2351 lectio-

1559 2358 1686 2396 nem
1709 2340 1960 2415 expreffit
1988 2377 2009 2405 ‚
2055 2340 2145 2398 sed
2174 2343 2355 2399 altera
2380 2338 2576 2396 veribus

1555 2435 1665 2473 una
1706 2417 1917 2474 literula
1957 2436 2175 2475 mutata
2214 2437 2328 2495 pro
2372 2415 2580 2474 verubus

489 2477 748 2553 utrinque
774 2478 1070 2560 subrigant.
1135 2487 1321 2563 anue
1353 2491 1411 2544 in
1440 2508 1496 2546 re
1521 2519 1528 2570 3
1555 2492 1813 2558 exhibet,
1851 2512 1921 2549 ex
1952 2493 2100 2570 ipso,
2147 2512 2209 2553 ut
2238 2511 2446 2580 notat3
2495 2506 2573 2544 ve‘

489 2553 570 2609 ita
596 2552 903 2613 constanter
929 2557 1272 2619 consentiunt
1301 2583 1495 2622 omnes
1520 2573 1527 2600 ⁸
1555 2571 1654 2626 teri
1680 2568 2056 2646 manuscripto
2075 2608 2092 2634 ,
2135 2574 2238 2648 qui
2272 2576 2474 2656 Leonis
2499 2568 2571 2623 X·

487 2631 763 2705 'quotquot
776 2633 888 2690 vidi
908 2674 925 2699 ‚
964 2635 1078 2694 vidi
1097 2657 1276 2695 aurem
1299 2660 1494 2715 quam·
1557 2644 1935 2702 munificentia
1966 2665 2037 2703 ex
2066 2650 2345 2705 Vaticana
2383 2644 2569 2730 Biblio-

489 2707 759 2782 plurimos
785 2748 803 2774 ,
855 2729 914 2768 ut
943 2709 1280 2771 simulacrum
1317 2716 1496 2792 Ephe·
1553 2719 1781 2778 thecain
1802 2723 2010 2801 regiam
2041 2725 2340 2800 migravit.
2389 2713 2568 2808 Mjffiss

404 2775 426 2803 ⁹
489 2780 628 2840 fium
646 2785 782 2841 olim
799 2787 988 2844 eodem
1016 2789 1186 2846 modo
1209 2788 1492 2850 suffultum
1551 2800 1703 2855 enim
1730 2795 1837 2854 fuit
1860 2798 2036 2864 codex
2066 2800 2155 2856 ille
2189 2799 2481 2882 lingulam
2505 2790 2565 2850 ad

489 2856 647 2916 fuisse
683 2866 919 2919 omnino
959 2862 1351 2924 affirmandum
1397 2890 1496 2946 pu⁴

429 2956 433 2961 ·
490 2952 628 2992 tem.
668 2940 865 3014 Neque
888 2942 1104 3017 verOJea
1128 2942 1192 3000 <le
1208 2964 1264 3002 re
1281 2964 1384 3001 nos
1398 2948 1495 3004 du-

490 3009 663 3070 bitare
722 3018 989 3088 permittit
1042 3019 1273 3076 Minucii
1313 3024 1500 3079 Pelias

490 3088 832 3147 eruditisfimi
862 3088 1132 3167 scriptoris
1155 3095 1303 3154 locus
1323 3136 1339 3163 ,
1403 3099 1496 3157 ubi

492 3161 691 3224 Dranae
716 3165 951 3244 Ephefiae
989 3167 1202 3245 iignum
1229 3179 1497 3234 mammis

494 3243 686 3300 multis
761 3245 1095 3322 verubusque
1183 3254 1494 3310 extrueium

490 3337 920 3396 commemorat.
997 3323 1095 3379 Sed
1133 3328 1189 3383 in
1227 3327 1349 3385 loco
1393 3328 1498 3387 isto

484 3396 847 3479 pervertendo
889 3400 1223 3460 Criticorum
1269 3414 1497 3463 acumen

495 3469 733 3530 mirifice
772 3473 1028 3533 basteuus
1065 3478 1174 3543 ⁴sese
1226 3487 1496 3540 exercuit:

493 3548 631 3604 adeo
655 3550 874 3624 quidem
896 3576 912 3618 'v
957 3570 1016 3608 ut
1039 3555 1137 3610 nifi
1161 3558 1413 3616 vindiciae
1433 3581 1500 3616 ex

492 3625 650 3683 libris
677 3635 727 3683 &
759 3635 1135 3687 monumentis
1151 3637 1502 3712 antiquisop.

481 3708 734 3779 'portuno
757 3703 949 3762 dentur
975 3707 999 3771 ,‘
1047 3705 1266 3783 posthac
1292 3709 1500 3771 futurus

483 3777 563 3835 'fit
591 3777 930 3838 intestabilis.
1009 3787 1150 3839 Rem
1182 3786 1375 3844 clarius
1405 3809 1501 3846 ex-

491 3854 642 3932 plico
672 3893 691 3923 ,
743 3875 804 3915 ut
836 3877 1006 3935 quam
1034 3858 1317 3922 infeliciter
1339 3868 1496 3927 Felix

1537 2867 1900 2933 ‚franciscum
1936 2894 2123 2956 regem
2171 2896 2290 2944 una
2323 2894 2447 2935 cum
2480 2888 2562 2928 cx·

1555 2949 1682 3007 cuso
1705 2970 1862 3008 exem
1872 2952 2009 3027 plari
2025 2990 2043 3016 ,
2095 2954 2248 3029 quod
2262 2956 2380 3030 ejus
2395 2947 2563 3008 nomi-

1555 3028 1614 3082 ni
1639 3026 1871 3085 editores
1896 3032 2144 3086 Romani
2171 3027 2562 3106 inscripserant·

1555 3105 1713 3160 Levis
1737 3104 1830 3160 illa
1855 3108 2094 3163 mutatio
2119 3108 2430 3166 Heraldum
2459 3118 2560 3180 pet·

1558 3180 1694 3255 pulit
1717 3218 1736 3244 ‚
1785 3198 1848 3238 ut
1885 3180 1998 3258 ipse
2035 3183 2119 3239 vel
2160 3187 2407 3243 uberibus
2443 3189 2553 3237 cum

1561 3254 1761 3313 Urfino
1788 3295 1806 3321 ‚
1861 3258 1941 3314 vel
1980 3261 2247 3316 tuberibus
2274 3280 2402 3320 curn
2427 3249 2554 3327 Just·

1558 3331 1667 3409 pho
1691 3335 1964 3410 scaligero
1991 3335 2296 3414 legendum
2325 3331 2555 3395 censeret&

1560 3414 1617 3467 in
1661 3412 1897 3486 priorem
1953 3429 2142 3468 tamen
2196 3415 2552 3495 conjestutafn

1559 3486 1898 3562 propensior.
1953 3490 2022 3543 Et
2050 3487 2109 3543 hi
2141 3491 2372 3564 quidem
2397 3500 2553 3559 conje-

1560 3565 1727 3621 ‹sturis
1795 3581 2016 3621 eatenus
2084 3566 2452 3626 indulserunt,
2488 3570 2552 3647 ’¹¹‘

1561 3658 1710 3697 textu
1741 3642 2069 3697 Minuciano
2109 3663 2316 3701 manus
2356 3648 2552 3701 interim

1561 3714 1908 3773 abstinerent.
1989 3720 2065 3773 At
2105 3723 2281 3777 caeteri
2331 3720 2551 3788 deinceps

1564 3812 1676 3849 non
1701 3812 1855 3869 aeque
1873 3790 2093 3851 fuerunt
2120 3796 2384 3878 religiosi.
2419 3793 2551 3851 Nam

1559 3872 1797 3942 Joanucs
1824 3871 2146 3933 Wowerius
2167 3910 2187 3944 ,
2227 3875 2550 4007 emisga}-
