2703 4573
731 264 1603 356 ‘OCTAvnis-
2092 276 2247 391 223³

135 402 169 493 ξ’
197 386 528 479 Castores
553 403 826 478 alternis
851 404 1238 478 moriuntur
1255 424 1377 495 ‚ut
1408 408 1691 482 vivant}
1741 416 1767 450 ²
1784 388 2262 511 AEsculapiusj·

136 523 230 577 ut
271 505 356 576 in
400 504 640 576 Deum
690 500 916 601 surgat
958 537 980 591 ‚2
1032 499 1482 576 fulminatur:
1534 505 1973 598 ³l-1ercu1es‚⁷
2012 529 2092 584 ut
2128 510 2260 586 hos-²·

125 600 420 675 minem
478 619 687 674 exuat
725 654 748 689 ‚
808 597 1067 676 Oetaeis
1110 597 1389 698 ignibus
1422 625 1925 697 cpncrematur.

2001 703 2270 823 XXlL

32 944 35 950 Δ
130 868 233 927 vel
266 868 442 926 talem
460 870 879 948 explicationem
893 864 1184 929 latinitati
1248 851 1407 929 Philo
1436 857 1794 953 decalog.fol.
1818 870 1939 954 513·
1979 877 2036 932 T
2038 878 2266 938 aciamss'

132 943 421 1011 inferret,
466 964 558 1005 aut
575 945 716 1004 astra
743 946 811 1006 fic
834 947 1176 1006 discerneret.
1248 965 1438 1006 contra
1461 952 1681 1009 Graecos
1711 948 1809 1008 fol.
1831 959 1963 1010 280.
1985 954 2259 1034 Origenes

132 1024 374 1099 Utique
387 1043 506 1098 cap.
530 1043 682 1080 xxxv
714 1023 848 1082 dicit
874 1026 1018 1081 illius
1039 1028 1179 1100 ignei

107 1100 400 1176 fluminis
424 1102 486 1162 οἷς·
507 1103 568 1156 de
588 1105 776 1178 Stygia
799 1104 990 1178 palude
987 1099 1179 1177 sepius

29 1176 34 1181 ⁴
128 1178 442 1235 ambientis
459 1181 671 1235 ardoris
698 1213 716 1241 ‚
758 1197 828 1235 an
856 1178 974 1254 plus
1006 1174 1176 1234 dixis-

128 1252 228 1311 set
259 1272 363 1330 per
389 1271 575 1311 vocem
608 1256 807 1330 igniti?
847 1254 949 1311 Sed
969 1252 1078 1312 haec
1095 1272 1171 1310 re·

127 1331 505 1407 linquamus.
563 1330 727 1389 Vides
762 1329 899 1387 clare
930 1330 1174 1388 codicem

130 1425 397 1465 veterem
434 1406 672 1464 indicare
705 1404 804 1463 fibi
846 1425 991 1464 nunc
1027 1406 1177 1464 idem

45 1512 48 1515 ·
130 1478 476 1562 contigiGE,
509 1480 1176 1561 quodJustinianiepisto·

134 1560 217 1618 lis
260 1578 396 1616 aute
437 1556 665 1638 Digesta
691 1597 708 1624 ,
763 1558 989 1617 docente
1017 1557 1179 1616 fratre

131 1653 320 1700 meo,
379 1654 438 1693 ut
476 1636 631 1693 litera
663 1656 685 1693 s
721 1635 800 1692 illi
839 1634 1002 1694 fuerit
1045 1654 1178 1710 prae-

131 1731 309 1792 repta
344 1751 360 1778 ,
405 1719 462 1770 &
492 1732 637 1771 nunc
661 1714 863 1792 corrigi
889 1712 1080 1769 debere
1098 1712 1179 1786 st-

121 1805 330 1868 gnata
345 1791 449 1865 stt.
490 1790 553 1846 Id
585 1790 786 1867 quippe
812 1791 1097 1865 proprium
1119 1790 1175 1844 in

137 1869 255 1924 hac
287 1886 352 1924 re
366 1866 590 1933 verbum
609 1908 625 1933 ,
669 1883 727 1923 ut
748 1884 943 1923 notum
970 1862 1178 1922 faciunt

133 1942 266 2020 ipsa
263 1944 457 2077 dligna
486 1979 504 2008 ,
557 1949 611 2000 &
646 1944 958 2018 intersigna
1010 1943 1180 2000 locare

138 2039 258 2097 apu
361 2021 682 2096 Ampelium
711 2055 729 2084 ‚
780 2026 834 2077 &
867 2017 996 2076 inde
1020 2013 1077 2072 τὶ
1095 2017 1176 2093 st-

128 2117 321 2175 gnare
373 2096 663 2172 aliquoties
706 2094 911 2153 idcirco
950 2096 1181 2172 reperies

139 2172 300 2250 apud
346 2175 627 2250 Higinum
670 2172 729 2229 in
768 2169 1175 2228 Astronomico.

146 2253 313 2309 Hinc
339 2249 460 2307 alii.
503 2248 838 2308 Claudianus
860 2248 926 2306 de
952 2249 1178 2324 Nuptiis

147 2328 413 2386 Honorii
446 2334 500 2385 &
532 2329 726 2384 Mariae
761 2346 888 2400 ²72·
970 2328 1031 2382 Si
1051 2327 1180 2381 Bac-

150 2407 265 2462 chus
279 2417 501 2462 amator
522 2405 712 2462 Dotali
727 2406 903 2479 potuit
923 2402 1176 2475 coelumss·

123 2502 320 2564 gnare
358 2484 572 2538 Corona
605 2518 622 2545 ,
674 2478 825 2556 quod
863 2480 1004 2536 redte
1042 2497 1178 2534 con-

145 2556 417 2616 firmabat
446 2560 504 2614 in
529 2560 712 2633 primo
736 2559 868 2613 Nic.
897 2552 1177 2618 Heinsius,

147 2636 210 2692 in
267 2635 598 2710 repetitione
652 2630 923 2708 postrema
973 2649 1177 2689 temere

143 2730 248 2789 pet
289 2710 532 2768 diversas
572 2710 832 2768 lectiones
865 2747 882 2773 ,
927 2707 1030 2765 hoc
1061 2706 1169 2772 est,

150 2789 504 2862 conjecturas
548 2806 683 2844 verae
713 2786 937 2842 lediioni
977 2781 1172 2842 adscri-

152 2883 271 2942 ptas
299 2862 354 2922 se
396 2867 457 2922 in
490 2870 756 2925 incertum
791 2861 1017 2919 convelli
1053 2856 1171 2938 pas-

150 2940 260 3000 sus.
287 2939 446 2999 Infra
462 2941 736 2999 Minucius
757 2938 1170 3014 :ficstatuaerum

45 3077 46 3084 ,
135 3007 397 3089 &inanium
422 3018 555 3091 confi
587 3031 716 3074 nata
727 3015 937 3094 forma.
1016 3016 1170 3072 Nota

45 3099 46 3102 ’
154 3092 275 3154 suut
301 3093 449 3153 astra
483 3097 534 3150 T
578 3095 784 3150 eocrito
823 3090 969 3149 dicta
995 3095 1170 3161 σήμαι-

145 3169 220 3244 ,τέι
251 3211 270 3240 ,
316 3192 423 3250 pro
457 3168 737 3240 σἠμιαγτὶι,
781 3186 841 3226 ut
878 3170 1087 3226 notavit
1109 3186 1170 3224 ea

159 3268 400 3330 magnus
426 3246 778 3305 Casaubonus
816 3247 873 3302 in
913 3246 1169 3303 lediioni-

161 3328 255 3400 bus
266 3327 381 3403 ejus
401 3345 529 3404 pag.
542 3346 566 3379 2
579 3346 606 3393 7
621 3344 641 3381 1
658 3364 671 3380 .
709 3326 801 3380 Ne
817 3323 1029 3379 mireris
1045 3340 1165 3379 eam

149 3404 367 3470 ‘literam
400 3422 546 3460 nunc
567 3396 819 3458 omissam
847 3395 976 3462 effe,
1022 3396 1171 3455 firni-

160 3478 273 3538 litet
309 3482 367 3537 in
410 3497 533 3553 cap.
561 3497 744 3535 xxvi:
784 3475 973 3534 eadem
1019 3474 1173 3530 litera

167 3555 349 3614 omiss'a
370 3552 555 3614 effecit
576 3593 592 3619 ,
633 3570 690 3612 ut
716 3574 887 3614 omnes
906 3553 1167 3631 legeretur

157 3633 491 3714 ,ptofimnos.
523 3632 878 3689 GronoviuS.

238 3731 256 3766 1
301 3712 545 3788 Castores
582 3711 808 3767 alternis
831 3698 1162 3776 moriuntur]

77 3801 90 3858 ι
168 3792 354 3850 Servius
380 3792 443 3846 in
482 3784 787 3846 6.AEueid.
812 3781 910 3840 fol.
935 3802 1058 3859 505.
1094 3784 1170 3836 A-

81 3863 92 3892 *
164 3869 465 3948 ponodorus
488 3864 588 3925 lib.
612 3883 664 3941 3.
692 3858 949 3923 biblioth.
963 3864 1167 3939 p.178.

1246 1023 1343 1082 lib.
1380 1045 1430 1099 3.
1460 1025 1904 1093 contracelsum.
1963 1030 2122 1088 Silius
2147 1033 2258 1089 Ita-

1242 1101 1378 1157 licus
1409 1100 1507 1158 lib.
1531 1122 1595 1169 9.
1620 1121 1747 1181 pag.
1782 1114 1911 1237 2³6.
1977 1109 2076 1167 Vir
2122 1107 2182 1164 il.
2202 1119 2261 1166 6.

1245 1176 1469 1250 AEneid.
1519 1180 1769 1236 Lastant.
1846 1181 1921 1239 ib.
1956 1182 2008 1240 t.
2048 1203 2080 1241 a
2120 1183 2255 1243 vers.

1244 1257 1471 1310 Gentes.
1509 1255 1844 1331 Elmenhotst.
2196 1321 2201 1329 ἶ

1318 1329 1555 1406 Castores
1571 1331 1853 1409 alt.mor.]
1902 1333 1985 1391 Ad
2016 1330 2162 1393 hunc
2174 1335 2259 1394 lo-

1240 1423 1366 1463 cum
1392 1405 1660 1486 dirigebat
1696 1411 1940 1485 Magnus
1977 1412 2260 1469 Casaubo-

1246 1501 1347 1539 nus
1382 1485 1440 1539 in
1478 1485 1625 1542 notis
1659 1483 1728 1541 ad
1765 1487 2010 1543 Suetonii
2044 1488 2255 1556 Julium

1242 1557 1511 1616 Caesarem
1528 1564 1760 1636 cap.1'o,
1777 1581 1948 1638 quum
1973 1564 2257 1621 auctorem

1244 1632 1495 1693 nostruin
1520 1639 1670 1694 citat.
1713 1641 1894 1715 Atque
1916 1640 2126 1696 utinam
2157 1660 2254 1697 ex·

1243 1728 1379 1768 taret
1407 1729 1567 1783 atque
1599 1715 1658 1770 in
1686 1716 1943 1771 notitiam
1969 1716 2142 1773 exiret
2166 1718 2258 1775 ille

1244 1787 1428 1852 locus,
1470 1791 1528 1845 in
1558 1807 1672 1865 quo
1705 1792 1985 1867 exemplar
2012 1794 2256 1852 Minucii

1246 1865 1313 1921 ab
1342 1861 1448 1921 isto
1465 1864 1780 1943 usurpatum
1809 1866 2021 1924 abditur
2036 1873 2090 1924 &
2105 1870 2257 1927 utili-

1244 1956 1411 1996 tatem
1427 1941 1696 2018 publicam
1716 1958 1827 1999 non
1852 1942 2069 2017 adjuvat
2089 1948 2104 2001 i
2149 1945 2252 2003 Sed

1246 2022 1311 2079 &tv
1334 2014 1565 2075 Isaacius
1595 2020 1868 2077 Fontanus
1887 2017 1986 2076 hoc
2009 2019 2131 2077 loco
2145 2024 2256 2080 uti·-

1245 2109 1331 2150 tur
1358 2092 1426 2149 ad
1465 2093 1666 2152 librum
1705 2112 1724 2149 1
1760 2095 2031 2153 Macrobii
2072 2101 2257 2156 Satur-

1243 2169 1455 2226 nalium
1485 2189 1604 2246 cap.
1637 2187 1696 2228 21
1715 2212 1729 2228 .
1769 2174 2041 2243 Caeterum
2063 2175 2256 2233 Ouze-

1243 2245 1347 2304 lius
1375 2247 1433 2304 in
1459 2247 1780 2306 colleffloue
1804 2265 1884 2305 tot
1912 2248 2157 2308 locorum
2183 2251 2253 2311 de

1246 2320 1330 2380 his
1347 2325 1578 2401 arripuit
1602 2323 1884 2384 summum
1911 2324 2157 2387 Voffium
2183 2329 2254 2388 de

1245 2401 1482 2477 Origine
1511 2400 1761 2460 idololat.
1786 2422 1915 2481 pag.
1938 2421 2063 2469 too,
2081 2424 2254 2481 quem

1242 2472 1547 2553 descripsit,
1592 2477 1719 2537 ficut
1765 2480 2110 2538 Macrobiani
2148 2484 2258 2543 loci

1242 2550 1511 2610 indicium
1565 2574 1633 2611 ex
1687 2557 1835 2613 notis
1883 2554 2016 2625 Joh.
2061 2558 2255 2619 Isaaeii

1245 2629 1481 2685 Pontani
1517 2649 1630 2686 non
1673 2630 1941 2689 dubitavit
1996 2638 2053 2690 &
2085 2635 2252 2694 verba

1238 2705 1349 2776 ejus
1374 2704 1611 2771 addere',
1658 2723 1718 2762 ut
1745 2706 1810 2764 de
1831 2704 2144 2786 AEstulapio
2179 2730 2255 2770 ex

1243 2783 1390 2838 notis
1417 2780 1808 2840 Elmenhorstii
1834 2781 1901 2840 ad
1935 2786 2256 2846 Arnobium

1239 2860 2071 3015 rae-lgfiblgzxffifflmq
2099 2937 2256 2998 Plato·

1237 3010 1334 3069 lib.
1358 3030 1410 3082 3.
1429 3012 1494 3068 de
1509 3014 1722 3090 Repub.
1748 3013 1847 3071 fol.
1864 3022 2002 3087 408.
2026 3034 2097 3072 ex
2125 3017 2254 3074 Pin-

1238 3088 1374 3145 daro
1420 3085 1586 3146 refert
1613 3127 1631 3155 ‚
1699 3088 1822 3146 ideo
1872 3088 2252 3169 AEsculapium

1237 3164 1595 3224 fulminatum
1626 3204 1643 3233 ,
1699 3165 1851 3241 quod
1877 3166 2105 3225 divitem
2133 3188 2258 3227 ma-

1240 3243 1354 3300 lum
1376 3279 1393 3306 ,
1438 3243 1607 3300 motti
1626 3244 1736 3318 jam
1760 3244 2001 3301 vicinum
2035 3283 2052 3310 ,
2112 3243 2257 3310 sani-

1242 3321 1337 3376 tati
1364 3317 1673 3376 restituerit.
1714 3319 2053 3395 Elmenborst.

1315 3395 1646 3472 AEsculapius
1673 3410 1731 3453 ut
1760 3400 1817 3453 in
1846 3397 2010 3453 Deum
2021 3394 2252 3475 fingat]

1245 3474 1608 3531 Locutionem
1642 3472 1784 3531 hanc
1817 3476 2099 3531 annotavit
2124 3482 2260 3534 Bat-

1239 3551 1389 3608 thius
1437 3551 1535 3607 lib.
1582 3569 1652 3607 tx
1704 3545 1971 3606 adversat.
2024 3568 2146 3629 cap.
2193 3561 2250 3613 8.

1238 3628 1548 3685 Gronovius.
2337 3698 2343 3703 .

1326 3723 1349 3776 3
1397 3705 1635 3762 Hercules
1649 3705 1830 3761 Oetaet‘s
1839 3705 2254 3781 ignibus-concre-

1237 3777 1441 3854 matur]
1454 3781 1589 3838 Vide
1605 3781 2026 3840 Observationes
2042 3781 2254 3845 nostras
2306 3781 2321 3791 ⁴

1239 3858 1308 3919 ad
1323 3857 1536 3920 Arnob.
1555 3856 1652 3918 lib.
1678 3877 1726 3936 ς.
1743 3877 1870 3940 pag.
1891 3880 1982 3936 90.
2010 3863 2248 3921 Elmenb.

2068 3942 2258 4001 Oetaeis
