2703 4573
683 288 1590 404 OcTnvrtis.
2087 324 2198 432 '59

134 480 261 532 tum
297 456 669 532 fanffitzrtis
704 458 994 533 tribucre
1020 461 1375 536 consuevit
1397 518 1422 552 ‚
1468 476 1803 560 quantum
1845 458 2196 540 adstruxoe

138 556 212 629 rit
245 555 615 626 vetustatis.

215 653 363 725 Vll.
413 652 580 724 Nec
601 671 831 727 tamen
836 674 1101 749 ‚temere
1123 711 1142 740 ‚
1178 665 1199 695 ¹
1217 651 1429 735 aufirn
1454 654 1635 743 enim
1661 652 1930 726 interim
1964 656 2036 729 ὃ(
2055 654 2195 752 ipfi:

148 746 471 819 concedere
507 761 534 791 ²
568 750 650 822 &
707 749 796 821 fic
846 753 1088 824 melius
1137 773 1397 833 errare,
1474 752 1758 831 ma’ores
1814 750 2021 822 nostri
2076 772 2196 829 aut

151 842 584 918 ³obscrvandis
630 846 971 946 auguriis,
1040 870 1159 920 aut
1195 845 1365 918 extis
1414 776 1837 933 consillendis
1868 902 1887 928 ,
1940 866 2058 919 aut
2092 846 2195 924 in:-

142 935 452 1029 stitucndis
503 941 710 1017 sacris
747 1001 771 1035 ,
816 964 932 1017 aut
960 942 1300 1021 4delubris
1337 941 1727 1033 dedicandis
1766 966 2043 1040 operam
2077 966 2197 1029 na-

1991 1062 2199 1113 vave-

128 1190 256 1267 fhm‘s
276 1196 845 1278 tantumshnbtitatis]
926 1198 1107 1263 Malia
1183 1195 1495 1255 hortantem
1526 1215 1592 1271 ae
1614 1196 1966 1272 depellentem
1985 1195 2105 1256 suos
2118 1197 2190 1263 ab

139 1271 189 1341 iu
247 1268 374 1329 hanc
430 1273 765 1335 sententiam
837 1280 1104 1357 Porphyr.
1186 1273 1487 1330 bonoribus
1511 1311 1529 1340 ι
1587 1275 1783 1350 Opibus
1809 1279 1865 1331 &
1895 1275 2194 1351 voluptati-

134 1338 559 1419 περῖᾰποχὶῖςέμψ.
590 1352 695 1409 lib.
722 1373 772 1411 1.
813 1360 1033 1413 Wower.
1185 1350 1315 1414 bus,
1358 1365 1620 1425 tanquam
1654 1350 1721 1406 ab
1740 1349 1894 1407 rebus
1912 1368 2024 1407 non
2055 1348 2191 1409 suis.

203 1431 229 1476 6
262 1426 809 1503 Tantumsanelitatis
822 1433 1114 1491 attribuere
1187 1428 1281 1481 Ait
1306 1445 1442 1501 ergo
1472 1426 1718 1483 Caecilius
1750 1423 1856 1482 sese
1882 1428 2079 1484 melius
2102 1445 2193 1483 er-

136 1494 389 1568 confisevir,
428 1518 687 1574 quantum
702 1507 994 1577 astruxerit
1015 1526 1108 1567 ve.
1181 1519 1300 1557 rare
1325 1520 1493 1578 quam
1522 1503 1822 1558 oetavium
1852 1539 1869 1566 ‚
1916 1499 1955 1557 fi
1983 1504 2197 1577 Rorna-

134 1573 335 1650 tustatis]
402 1578 546 1638 Vide
577 1581 858 1659 Porphyr.
909 1581 1015 1652 περὶ
1041 1585 1111 1638 ,ἰ-
1184 1596 1382 1633 norum
1422 1574 1824 1653 superstitiones
1857 1575 2084 1653 probare
2106 1580 2193 1636 vi-

134 1651 261 1717 ’'⁰76³“ss
285 1648 527 1721 ἐμψύχων
568 1655 674 1714 lib.
708 1675 758 1714 ι.
799 1660 978 1717 Cicer.
1005 1659 1104 1717 lib.
1183 1651 1372 1709 deatur
1396 1669 1509 1709 tam
1539 1652 1692 1711 utiles
1720 1659 1774 1710 &
1795 1652 2069 1729 prosperas
2081 1654 2195 1718 cul-.-

135 1741 177 1792 4.
201 1726 250 1781 in
276 1728 395 1786 Ver.
423 1732 592 1789 Orat.
628 1753 688 1804 9.
714 1752 771 1810 p.
807 1756 936 1808 247.
1015 1737 1108 1792 El.
1190 1729 1397 1787 toribus
1422 1729 1551 1786 suis.
1591 1730 1875 1803 Rigaltius.

130 1803 266 1857 menb.
1273 1824 1303 1858 2
1342 1806 1415 1860 Et
1418 1804 1501 1879 fic
1525 1807 1704 1863 melius
1725 1804 1948 1881 errare]
2011 1809 2198 1880 Rom?

198 1895 217 1931 ι
257 1879 421 1954 Aufim
467 1884 610 1939 enim
650 1888 864 1942 interim
904 1890 968 1949 &t
1006 1887 1110 1964 ipse
1186 1878 1279 1956 effi
1298 1882 1497 1938 melius·
1536 1884 1757 1938 Wower.

131 1957 351 2012 concedere
375 1993 393 2020 ,
453 1958 518 2017 ά·
544 1960 631 2033 fic
668 1964 850 2018 melius
881 1961 1098 2038 erras-2]
1272 1976 1293 2028 3
1324 1954 1684 2025 Obsbrvaendis
1703 1960 2043 2033 auguriisaeut
2057 1962 2197 2020 extt‘s

134 2029 340 2088 Caecilius
365 2032 520 2107 supra
561 2034 633 2091 de
674 2036 855 2094 schola
883 2041 1102 2115 Epicuri
1183 2030 1532 2108 consulendis]
1594 2034 1736 2109 Qae
1760 2032 1955 2092 charta:
1989 2034 2192 2094 horum

133 2100 286 2172 dixit,
343 2109 517 2186 magis
552 2106 656 2167 effe
682 2111 1011 2172 credendum
1042 2118 1102 2172 in
1188 2109 1531 2167 mentionem
1554 2105 1806 2167 facientes
1822 2129 1937 2169 non
1951 2108 2194 2169 referunt

131 2179 256 2238 rebus
303 2181 555 2244 humanis
611 2185 839 2245 solutam
895 2190 1102 2269 legibus
1185 2191 1239 2241 &
1277 2181 1436 2240 fimul
1475 2180 1647 2240 consti
1690 2203 1840 2242 atum
1894 2185 2092 2244 habent
2129 2187 2192 2259 id

130 2249 369 2317 fortunam
395 2261 686 2320 dominari
706 2304 722 2329 ,
762 2264 1103 2348 adeoqueagi
1185 2260 1364 2347 ipsum
1395 2298 1412 2327 ι
1471 2260 1620 2337 quod
1699 2281 1765 2319 ⁰⁶
1792 2262 1974 2320 allevst
2002 2265 2193 2321 Ouze·

132 2335 292 2392 cuncta
320 2338 479 2397 variis
515 2345 573 2410 ὃς
623 2340 838 2398 lubricis
867 2342 1098 2408 casibus,
1185 2337 1319 2401 lius,
1362 2354 1421 2398 ut
1437 2339 1630 2394 omnia
1652 2357 1720 2395 ex
1745 2338 1866 2400 aliis
1886 2337 2188 2410 describens

134 2423 223 2473 noo
258 2411 472 2470 deorum
518 2416 716 2492 aliqua
800 2419 1105 2476 rovidentia
1185 2419 1238 2469 δι
1272 2411 1414 2470 nihil
1447 2412 1550 2471 nifi
1576 2412 1963 2472 transsaticium
1999 2418 2192 2475 Minu-

133 2500 357 2546 autcura.
434 2493 561 2548 Hac
581 2510 718 2548 vero
784 2488 1107 2551 issertatione
1179 2489 1266 2544 cio
1292 2507 1593 2565 congerens
1635 2509 1748 2547 non
1791 2507 2061 2548 mereatur
2096 2490 2192 2552 hie

131 2556 203 2616 sua
223 2563 476 2632 currente,
520 2566 691 2624 sentit
719 2586 783 2625 eo
808 2565 859 2626 se
885 2566 1014 2626 ferti
1046 2588 1105 2629 ut
1177 2562 1416 2640 conspici
1440 2565 1524 2622 vel
1548 2566 1652 2643 legi
1681 2576 1699 2622 ἒ
1757 2568 1827 2622 Et
1860 2582 2047 2630 tamen
2081 2566 2190 2625 ho·

131 2631 326 2694 fateatur
362 2645 655 2700 Romanos
715 2643 859 2701 haud
910 2643 1105 2703 frustra
1176 2658 1274 2697 mo
1305 2639 1630 2719 lethargicus
1671 2642 1730 2699 in
1770 2643 1915 2699 notis
1955 2640 2025 2699 ad
2062 2644 2190 2701 Ful-

131 2709 307 2772 deditos
327 2713 466 2774 fuisse
488 2720 859 2796 religionibus
884 2720 993 2779 suis
1020 2740 1103 2779 et-
1176 2718 1422 2795 gentium
1452 2736 1510 2791 p.
1542 2722 1672 2780 1693
1709 2716 1924 2788 jubebat
1956 2716 2068 2776 haec
2099 2720 2188 2777 vi-

129 2804 185 2860 ga
208 2790 339 2850 Deos
363 2796 527 2850 etiam
558 2813 778 2853 exteros
807 2834 825 2862 ,
880 2796 1103 2873 quando
1176 2792 1302 2848 dete
1349 2799 1406 2849 &
1456 2791 1686 2869 appellat
1731 2792 1819 2850 Cl.
1862 2793 2186 2871 Ouzelium.

130 2863 284 2924 talium
309 2871 608 2928 numinum
641 2870 826 2929 favore
852 2890 913 2930 ac
937 2874 1101 2931 tutela
1177 2870 1293 2924 Cur
1334 2887 1447 2924 non
1454 2869 1720 2999 “praetulit
1763 2870 2185 2945 appellationem

128 2941 261 2998 totius
304 2947 446 3004 orbis
501 2949 806 3022 imperium
859 2945 1098 3006 teneant.
1179 2947 1255 3000 G·
1282 2946 1332 2999 1·
1362 2946 1449 3004 Vo
1493 2945 1530 3001 li
1560 2980 1578 3008 ι
1644 2945 1793 3015 cuius
1828 2945 1920 3003 illa
1958 2944 2081 3005 sunt
2112 2967 2188 3006 ex

127 3017 396 3096 Antequam
444 3023 625 3102 igitur
674 3025 942 3099 exemplis
995 3022 1100 3083 hoc
1180 3018 1491 3078 Idololatria
1534 3021 1843 3079 Gentilium
1897 3022 1999 3080 lib.
2048 3021 2183 3099 111.

125 3095 320 3166 probare
340 3100 606 3174 incipiat,
648 3118 715 3156 ne
787 3098 879 3156 uid
907 3101 1099 3177 praeju-
1177 3114 1298 3172 cap.
1326 3103 1420 3162 98,
1449 3093 1517 3152 fic
1541 3097 1898 3163 concinnata,
1942 3100 2187 3164 urinan-

125 3167 236 3226 dicet
282 3175 535 3248 opinioni
590 3172 697 3232 suae
774 3194 803 3231 e
840 3172 1095 3244 fortuna,
1175 3171 1412 3251 gurandi
1445 3172 1662 3248 origine
1702 3170 1897 3230 habeas
1945 3174 2185 3255 Telego-

123 3247 314 3324 corrigit
371 3247 474 3306 sese
537 3251 917 3320 interjectione
965 3249 1094 3309 ista:
1176 3265 1313 3303 num
1339 3253 1394 3303 δε
1424 3249 1622 3304 Carem
1654 3286 1673 3315 ι
1729 3255 1785 3305 &
1818 3249 1878 3304 in
1904 3245 2014 3306 fine
2040 3270 2186 3329 ssotae,

125 3325 274 3395 Atfim
302 3329 432 3380 enim
472 3329 690 3382 interim
714 3328 778 3388 (ς’,
803 3325 909 3402 ipfi
932 3347 1099 3385 conce·
1176 3321 1303 3379 inde
1343 3321 1631 3381 adduxerit
1668 3325 2015 3381 mentionem
2066 3332 2186 3400 Aug

123 3398 215 3451 dm
240 3436 256 3462 2
300 3401 450 3474 &fic
472 3404 658 3466 melius
679 3421 864 3460 errare
886 3440 904 3467 ,
961 3404 1102 3474 obji-
1217 3396 1378 3455 ustini
1403 3396 1583 3475 Niphi
1612 3437 1629 3463 ,
1690 3398 1987 3457 Alexandri
2010 3402 2080 3458 ab
2107 3408 2187 3460 A·

124 3473 241 3530 tiens
273 3493 509 3534 errorem
564 3475 881 3558 pudendum
926 3479 1099 3536 Osta·
1173 3416 1470 3538 {xandrm
1516 3476 2183 3553 Peuceri&GeorgiiRa-,

124 3551 301 3627 vio‚qui
321 3555 498 3609 Deum
515 3554 659 3610 colat
673 3552 964 3612 cultoribus
989 3552 1097 3611 suis
1173 3548 1359 3628 gusei3
1403 3549 1584 3625 media
1606 3567 1675 3623 ex
1697 3548 1809 3606 alio
1836 3548 2182 3631 derivaret-it.
2217 3581 2222 3586 ·

123 3641 310 3699 gratem
348 3631 666 3692 &noxium
709 3630 887 3704 potius
924 3648 1093 3707 quam
1167 3629 1487 3698 Gronovius.
1927 3669 1936 3676 .
2221 3637 2244 3644 ⁴

125 3699 424 3769 beneficum,
466 3705 613 3762 b'ona
638 3701 820 3762 fututa
842 3712 896 3762 &
921 3707 1094 3772 interf
1247 3722 1285 3782 4
1323 3696 1609 3773 Delubris]
1653 3703 1797 3780 Qae
1819 3703 1961 3779 apud
1995 3704 2180 3765 erudi-

119 3790 167 3831 ta
198 3782 596 3853 promittentem
624 3816 644 3846 ‚
699 3781 845 3838 mala
871 3799 934 3839 ac
959 3800 1091 3858 prae-
1168 3794 1252 3835 tos
1293 3779 1575 3854 scriptores
1623 3775 1692 3834 de
1736 3780 1997 3838 vocabulo
2032 3785 2180 3846 dela-2

119 3849 269 3938 fitutia
294 3874 402 3916 non
427 3873 761 3937 avertentem
792 3882 811 3932 5
851 3858 973 3919 imo
1000 3856 1092 3920 de·
1138 3856 1315 3940 ‚brom
1338 3869 1601 3936 annotata
1622 3851 1782 3940 sunt,
1835 3874 1961 3916 ante
1985 3859 2177 3994 Oluze·

1130 3955 1149 3962 ε
2057 3952 2176 4001 ium
