2703 4573
624 238 1544 333 OerAv1usI

2032 243 2199 352 '137

145 395 359 458 rerum
395 366 685 470 ipsarum
717 372 1041 447 soliditate
1073 372 1423 447 libremus,
1478 397 1604 447 nec
1624 369 1993 463 avocanda,
2008 377 2203 472 quod

148 468 428 561 quereris
454 523 488 555 ‚‚
521 469 773 543 diutius
806 470 1096 542 intentio
1120 526 1143 558 ‚
1163 520 1170 527 «
1192 495 1357 543 cum
1399 488 1550 544 toto
1580 469 1841 541 filentio
1865 470 2062 544 liceat
2101 497 2211 565 re-g

148 561 556 659 sponsionem
589 564 878 654 Januarii
916 566 1127 644 nostri

1177 578 1194 607 ¹
1206 568 1344 661 jam
1382 565 1716 662 gestientis
1760 564 2017 644 audire.

233 658 388 737 XV
409 659 465 727 1.
497 660 616 738 ,Et
642 660 1034 736 OcTAvms
1063 685 1078 730 :
1132 664 1380 734 Dicam
1412 662 1726 759 equidem
1750 715 1767 743 ,
1798 672 1817 698 ²
1843 682 1920 736 Ut
1940 670 2216 758 potero}

150 777 264 848 pro
300 747 595 841 viribus,
643 757 715 827 &
754 766 779 813 3
802 757 1243 830 adnitendum
1278 756 1405 828 tibi
1438 756 1845 829 mecum-est
1871 812 1893 845 ‚
1939 778 2018 831 ut
2048 787 2220 835 con·
2279 777 2286 783 '

157 848 476 934 'viciorum
533 859 565 905 4
594 850 1057 934 amarissimam
1117 852 1341 938 labem
1402 865 1419 907 ⁵
1457 852 1827 936 verborum
1870 857 2216 942 veracium

211 1098 347 1176 Qt's
398 1113 607 1156 tantum
664 1100 856 1175 eloquii
902 1097 1140 1176 potuiffit

285 1173 433 1248 ferre
451 1190 721 1233 tumorem.

149 1252 328 1306 Seneca
357 1254 473 1307 Par.
532 1266 707 1308 tumor
728 1254 791 1312 ὑ·
817 1251 1142 1308 abundantia

138 1324 399 1399 sermonis.
455 1327 615 1383 Idem
647 1327 744 1383 lib.
778 1349 831 1384 2.
869 1327 933 1383 de
958 1323 1143 1381 Benef.

145 1402 292 1476 Qid
304 1417 418 1477 opus
429 1404 752 1477 arrogantia
763 1405 940 1458 vultus
957 1439 975 1474 ‚
1018 1404 1149 1476 quid

149 1489 328 1548 rumore
356 1481 672 1535 verborum?
715 1478 998 1544 OuzeliuS.
1062 1478 1142 1532 Si·

151 1553 292 1608 milia
316 1554 547 1611 contulit
576 1553 826 1612 Barthius
857 1552 1142 1614 Adversar.

151 1645 232 1700 25,
261 1647 344 1686 ιο.

221 1724 250 1759 2
282 1707 406 1778 Jam
422 1704 717 1784 gestientis]
771 1706 1004 1782 Eloqui,
1048 1701 1145 1761 sci-

147 1779 277 1838 licet.
317 1785 515 1859 Rigalt.

221 1878 240 1929 3
265 1860 330 1912 Ut
348 1874 530 1934 potero
547 1898 565 1923 ‚
580 1874 674 1924 pro
699 1854 945 1931 viribus]
1004 1854 1072 1912 T}
1086 1870 1147 1913 ut

147 1937 547 2008 potero,videtur
567 1933 1142 2011 superfluum.Wower.

157 2023 162 2034 ’
217 2031 253 2082 4
290 2014 652 2068 Adnitendum
695 2016 796 2066 tibi
825 2030 1006 2066 mecum
1035 2007 1138 2084 est]

155 2086 412 2162 Ambigua
438 2090 625 2147 oratio
646 2124 663 2151 ‚
702 2088 951 2142 Minucio
975 2084 1145 2154 fitad-

153 2161 415 2219 nitendum
437 2203 453 2226 ,
500 2183 575 2219 an
594 2163 839 2219 Caecilio.
883 2161 980 2218 Sed
996 2162 1142 2217 vultu

156 2234 391 2314 gestuque
405 2239 638 2297 dicentis
651 2237 761 2294 tolli
777 2239 950 2313 potuit
964 2242 1149 2294 omnis

154 2315 466 2395 ambiguitas
493 2343 507 2383 3
559 2313 597 2371 fi
623 2314 904 2372 conversus
930 2313 998 2371 ad
1030 2318 1151 2371 Cae·

153 2389 318 2446 cilium
341 2389 450 2449 haec
467 2393 675 2448 diirerit
693 2391 979 2447 oetavius.
1001 2389 1147 2465 quod

153 2460 260 2522 sane
281 2465 485 2537 fastum
517 2467 752 2523 videtur.
793 2468 998 2541 Rigalt.

104 2536 108 2540 ⁵
226 2560 243 2611 5
289 2540 684 2616 Amariffimam
711 2540 898 2615 labem]
953 2541 1148 2598 Plauti-

158 2633 228 2673 ηε
251 2617 507 2695 prosapia:
541 2625 601 2674 δε
626 2618 855 2674 aliorum
884 2636 1004 2693 quae
1029 2621 1148 2675 Cae-

156 2690 288 2748 cilius
325 2696 383 2749 in
427 2691 878 2750 Christianorum
931 2692 1147 2773 religio-

155 2783 265 2833 nem
289 2765 508 2826 effudit.
550 2772 759 2844 Rigalt.

220 2855 250 2901 6
291 2846 580 2903 Verborum
628 2848 892 2900 veracium
922 2845 1150 2917 flumine

148 2918 415 2996 diluamus]
480 2925 609 2977 MS.
638 2923 695 2977 in
719 2923 930 2978 lumine.
973 2925 1145 2977 Rom.

139 2995 360 3064 flumine.
407 3003 666 3057 Wower.
705 2993 1150 3069 Restituoflumi-

152 3089 224 3126 ne.
262 3092 351 3130 nec
378 3093 470 3130 me
498 3089 688 3129 movet
712 3070 858 3148 quod
885 3070 1012 3128 alibi
1046 3077 1145 3128 Ar·

154 3147 331 3205 nobius
355 3187 372 3213 ‚
425 3151 713 3206 verborum
736 3149 958 3210 lumina,
1017 3147 1144 3204 alibi

2009 951 2217 1027 lumi...

1207 1098 1539 1173 Elmenhorst.
1618 1098 1885 1156 Veracium
1932 1104 1988 1158 in
2020 1105 2215 1162 lumino

1206 1173 1464 1250 scriptum
1495 1177 1551 1231 in
1580 1177 1702 1230 MS.
1723 1178 1859 1253 Re'g.
1893 1184 1948 1235 &
1972 1180 2219 1238 editione

1209 1253 1482 1310 Romana.
1558 1250 1820 1309 Gelenius
1859 1253 2098 1311 ediderat
2134 1258 2221 1312 lu-

1209 1331 1364 1383 mine.
1440 1325 1786 1400 suspicantur
1819 1328 1945 1394 alii,
1970 1331 2221 1403 flumine.

1215 1399 1442 1460 Hetald.
1522 1405 1800 1460 Verborum
1844 1409 2125 1462 veracium
2160 1411 2221 1464 in

1210 1481 1401 1537 lumine
1490 1480 1687 1557 legitur
1763 1482 1823 1535 in
1900 1482 2225 1557 exemplati.

1214 1552 1589 1612 Adnitendum
1622 1554 1723 1611 tibi
1750 1573 1961 1612 mecum
1979 1555 2087 1621 est,
2134 1559 2222 1618 in-.

1211 1634 1362 1707 quit,
1405 1649 1462 1688 ut
1483 1650 1677 1694 omnes
1698 1632 2069 1689 conviciorum
2098 1652 2220 1691 ma·-

1210 1707 1338 1765 culae
1383 1706 1701 1763 sermonum
1745 1709 2012 1764 veracium
2055 1709 2225 1769 radiis

1213 1783 1552 1841 inluminatae
1582 1783 1879 1840 diluantur.
1920 1786 2095 1842 verbis
2121 1784 2225 1844 sci·-

1210 1861 1330 1917 licet
1343 1857 1549 1915 Christi
1572 1896 1588 1921 ‚
1632 1860 1808 1916 verbis
1837 1862 1959 1916 vitae
1985 1878 2220 1929 aeternae,

1211 1937 1447 1991 veritatis
1467 1931 1791 1993 Christianae
1821 1935 2051 1992 lumine.
2089 1935 2225 1994 con-⁴

1214 2012 1351 2068 vicia
1389 2010 1529 2067 velut
1568 2007 1742 2066 sordes
1769 2018 1824 2067 δε
1846 2012 2083 2069 tenebrae
2099 2014 2221 2071 Sole

1219 2088 1457 2144 veritatis
1503 2086 1820 2143 illuminatae
1877 2090 2220 2147 evanescunt.

1213 2169 1351 2219 Sane
1366 2159 1926 2219 e‹›nv=enientiffimum
1944 2161 2050 2228 esti,
2071 2164 2223 2241 quod

1215 2233 1248 2297 ὲ
1274 2236 1595 2313 quibusdam
1625 2237 1929 2317 suggeritur
1943 2254 1976 2306 ,ι
1996 2242 2225 2315 flumine

1213 2318 1490 2371 deluamus.
1530 2335 1659 2372 nam
1689 2323 1743 2372 &
1775 2314 1950 2373 sermo
1978 2317 2080 2373 five
2099 2338 2225 2379 ora-e

1218 2392 1296 2446 tio
1313 2393 1488 2466 fluere
1521 2390 1718 2449 dicitur
1738 2428 1756 2455 ,
1794 2391 1935 2449 labes
1959 2400 2008 2449 &
2038 2392 2223 2452 sordes

1222 2466 1768 2529 flumiuediluuntur‚
1813 2467 2220 2528 &Caeciliieth-

1222 2544 1328 2599 nici
1359 2559 1568 2617 peccata
1589 2539 1883 2618 baptismo.
1925 2545 2132 2620 Rigalt.

1292 2618 1570 2674 Verborum
1603 2621 1866 2674 veracium
1905 2621 2098 2676 lumine
2137 2625 2223 2678 di-

1216 2689 1450 2766 luamus]
1499 2691 1798 2769 Indignum
1827 2692 1905 2749 est
1928 2694 2227 2768 pulcherri-

1221 2789 1322 2828 mae
1341 2766 1499 2842 hujus
1522 2766 1791 2825 sententiat
1822 2767 2222 2845 simplicitatem

1217 2849 1291 2902 ita
1313 2842 1584 2920 suspendi.
1638 2844 1795 2920 Qid
1824 2846 2109 2916 instantius
2134 2846 2225 2904 fo-

1216 2939 1293 2978 ret
1317 2919 1423 2977 isto
1451 2921 1724 2986 odwin,
1767 2919 2101 2980 fiverbotum
2122 2925 2228 2983 flu·
2300 2986 2303 2991 ,

1216 3016 1346 3052 men
1368 3014 1441 3053 ex
1466 2994 1517 3052 se
1536 2999 1906 3074 promitteret?
1953 2999 2228 3058 Meurfius

1217 3090 1395 3129 autem
1424 3093 1519 3130 cur
1543 3070 1609 3130 fic
1635 3071 1936 3131 confiderat
1967 3079 2228 3134 naturam?

1216 3148 1365 3205 verbi
1377 3150 1574 3206 diluere
1593 3190 1608 3215 ,
1648 3166 1706 3205 ut
1730 3148 1989 3226 postulari
2017 3152 2227 3209 censeat

153 3224 409 3280 verborum
425 3226 738 3282 luculentias
760 3221 924 3279 dieat.
966 3223 1147 3299 itaque
1200 3224 1469 3296 flumine?
1540 3228 1736 3300 Qum
1789 3225 1857 3282 ab
1909 3226 2089 3284 Plinio
2126 3228 2228 3285 lib.

154 3314 215 3352 ne
248 3302 365 3376 quis
404 3319 652 3380 oggerat.
732 3301 945 3354 Natura
997 3301 1144 3355 enim
1219 3317 1473 3359 xxxvrt.
1513 3300 1709 3358 dicitur
1763 3304 1856 3358 ille
1909 3306 2128 3359 emicans
2165 3308 2229 3363 ir}

153 3374 283 3430 verbi
306 3378 568 3434 diluamus
591 3374 682 3431 hic
711 3370 941 3449 postulat
967 3392 1025 3430 ut
1032 3376 1148 3447 flu·
1215 3375 1487 3449 amethysto
1514 3375 1700 3452 Ῑὶιζςον
1734 3378 1994 3434 violaceus
2020 3381 2233 3444 {dilutus

154 3452 272 3506 mine
292 3452 561 3525 legamus·
601 3448 804 3525 Meunf.
846 3451 1038 3505 Cicero
1052 3451 1148 3506 lib.
1218 3449 1287 3524 est
1313 3457 1370 3507 in
1395 3452 1660 3525 hyacintho
1688 3488 1706 3515 ,
1749 3460 1843 3509 aut
1868 3453 2007 3508 libro
2033 3474 2133 3513 xv..
2158 3454 2237 3512 de

157 3541 207 3578 2.
230 3523 292 3581 de
325 3529 458 3583 Nat.
488 3530 663 3583 Deor.
739 3527 919 3599 Neque
925 3526 1149 3599 flumine
1218 3526 1390 3582 odore
1414 3528 1567 3583 malis
1593 3542 1770 3583 acutus
1791 3565 1809 3591 ‚
1852 3529 2065 3599 Perficis
2082 3533 2231 3599 ‚dilu-

155 3603 412 3659 conturbor
434 3606 674 3660 inanium
703 3603 997 3658 verborum.
1079 3604 1146 3657 Et

154 3690 272 3755 pag.
301 3696 432 3734 200.
512 3681 790 3734 Orationis
816 3678 1043 3750 flumine
1068 3698 1144 3733 re·

151 3750 449 3823 prebenlbris
463 3758 611 3810 vitia
624 3755 803 3810 diluun
810 3766 920 3807 tur.
960 3754 1145 3827 Quem

157 3823 326 3891 locum
355 3830 413 3890 in
443 3848 627 3888 mente
643 3826 834 3901 habuit
853 3828 1176 3889 Minatium.-

1223 3617 1335 3666 tus,
1379 3605 1608 3658 dulcibus
1628 3606 1800 3659 nullus
1821 3640 1837 3668 ,
1891 3622 1959 3659 an
1993 3605 2100 3661 illic
2124 3608 2230 3662 flu-

1224 3679 1379 3733 mina
1423 3678 1654 3756 intelligi
1695 3670 1937 3736 debent?
2006 3681 2230 3736 Elmen-

1187 3806 1192 3809 .
1223 3751 1457 3819 horstius
1485 3773 1665 3811 autem
1699 3775 1807 3832 qua
1829 3753 1935 3812 fide
1956 3754 2237 3814 adseverat·

1221 3831 1540 3896 Minucium
1583 3832 1640 3888 in
1681 3849 1865 3888 mente
1897 3828 2129 3891 habuisse
2152 3832 2237 3888 lo-

1735 3911 1760 3963 1
1812 3929 1837 3986 5
2103 3927 2230 3966 cum
