2703 4573
193 374 200 378 ἢ
597 267 688 351 O
750 291 806 348 c
867 292 929 350 'r
992 293 1048 353 A
1112 296 1169 351 v
1238 296 1275 352 1
1341 296 1404 351 υ
1475 293 1536 359 s.

126 403 350 480 fiimmfl
387 406 671 481 sollertia
706 411 779 484 δι’.
817 408 1074 484 ratione
1115 429 1256 483 non
1297 408 1600 506 possunt.
1662 420 1685 453 ¹

2008 280 2171 386 ιη’

1708 406 1952 507 Qid?
1997 440 2171 498 cum

124 503 268 575 ordo
315 520 695 601 temporum
747 531 823 579 ac
864 505 972 580 fru
1029 531 1150 579 um
1192 506 1411 580 stabili
1453 505 1767 579 varietate
1804 507 2171 611 distingui-

125 620 217 670 tur
250 655 270 686 ‚
335 625 559 674 nonne
591 602 939 675 aurstorem
1006 627 1176 677 uum
1223 659 1242 688 ‚
1318 621 1805 701 parentemque
1834 605 2171 685 testatur?

103 697 243 775 ‚Ver
274 721 460 793 aeque
489 723 652 771 cum
683 696 813 771 suis
843 696 1127 773 flor-ibus
1152 758 1177 792 ‚
1240 701 1313 773 δί
1345 698 1535 772 aestas
1571 725 1733 772 cum
1771 699 1902 771 suis
1946 702 2172 783 messi-

123 788 253 878 bus‚
296 795 365 871 δί
393 794 702 871 autumni
743 797 1091 871 maturitas
1128 817 1314 896 grata
1346 853 1370 887 ,
1419 795 1493 868 ὃς
1539 807 1564 838 ²
1591 793 1869 870 hiberna
1899 798 2171 875 olivitas

1943 892 2174 968 necesss-

123 1042 219 1107 Cic.
246 1063 294 1101 2.
320 1042 380 1102 de
405 1045 539 1101 Nat.
568 1044 742 1102 Deor.
821 1045 957 1121 Qu
982 1063 1084 1103 non
1162 1060 1232 1102 na
1259 1040 1466 1119 aptavit
1496 1036 1712 1097 Boethii
1741 1036 1886 1097 libro
1916 1059 1984 1097 xv
2006 1056 2174 1102 metr.

123 1123 241 1176 modo
264 1135 317 1176 ut
336 1123 522 1196 fierent
548 1123 761 1179 ratione
785 1135 1081 1197 eguerunt,

1163 1140 1254 1177 vr.
1315 1119 1498 1175 Etiam
1538 1114 1937 1194 Lindebrogius
1961 1116 2030 1175 ad
2059 1121 2175 1176 Ca-

110 1194 196 1269 Μ
211 1197 404 1271 intelligi
425 1197 608 1270 qualia
614 1196 754 1270 first,
752 1198 869 1271 fine
875 1197 1084 1272 stemma
1157 1195 1349 1253 taleeca
1373 1213 1429 1271 p.
1446 1213 1460 1256 z
1477 1214 1507 1250 2
1521 1211 1541 1248 1
1593 1195 1679 1249 De
1703 1209 1823 1250 vere
1846 1211 2026 1254 autem
2045 1198 2174 1273 quis

124 1275 292 1329 ratione
313 1294 405 1329 non
423 1268 647 1347 poffimt.
709 1280 968 1333 Wower.

187 1368 209 1405 r
247 1350 389 1425 Qid
423 1368 533 1404 cum
585 1353 712 1406 ordo
760 1364 811 1407 te
894 1347 1078 1425 orum]

124 1421 342 1481 Athanas.
376 1426 539 1498 longa
564 1425 821 1482 oratione
900 1443 966 1484 oc
1000 1425 1084 1483 di-

125 1498 276 1556 duxit:
325 1499 672 1559 Veriffimum
706 1499 786 1559 est
811 1539 829 1566 ,
868 1503 1083 1577 inquit,

123 1572 340 1633 aestimare
379 1580 563 1637 Deum
595 1614 613 1641 ,
654 1580 750 1654 qui
794 1578 1086 1647 συμφωνίαν

122 1648 246 1706 istam
271 1671 505 1730 operatur
532 1692 556 1719 ,
603 1672 768 1730 quem
801 1655 926 1711 licet
955 1652 1082 1712 sub·

120 1727 310 1785 crastum
359 1730 526 1787 oculis
592 1749 706 1786 non
757 1749 1079 1795 cernamus,

119 1802 226 1859 ordo
238 1823 403 1863 tamen
425 1845 442 1872 ,
486 1813 540 1863 &
562 1824 852 1863 concentus
878 1805 924 1861 ’τ’
940 1803 1084 1860 ὠκι-

117 1877 204 2010 ἱιίῖυ·
224 1879 415 1948 ducem,
440 1890 494 1941 δι
526 1883 837 1961 principem
860 1878 1080 1940 fatetur.

165 1978 296 2015 ower.

224 2038 413 2095 uideam
426 2038 556 2093 ordo
578 2047 857 2107 temporum
882 2030 1080 2110 ecfra-

114 2122 204 2180 μνη
275 2112 346 2167 Ita
371 2108 649 2169 edidimus
680 2111 960 2188 Ms.Reg.
984 2127 1081 2166 au-

127 2183 376 2253 steritatem
410 2188 649 2264 sequuti.
690 2188 867 2241 Antea
896 2183 1080 2241 edide-

125 2274 214 2320 rant
231 2263 309 2321 bac
326 2263 409 2341 fr.
427 2283 539 2321 non
567 2261 770 2321 idonea
792 2260 1076 2319 sententia.

125 2335 461 2418 Expendcquae
485 2340 806 2416 sequuntur.
850 2339 1075 2394 Horam.

179 2417 344 2492 Qid?
398 2437 506 2474 cum
542 2417 672 2473 ordo
706 2427 984 2490 temporum
1018 2434 1082 2472 ac

115 2484 283 2566 frugum
301 2492 489 2568 stabili
509 2494 784 2548 varietate
802 2489 1079 2567 distingui-

123 2576 210 2630 rur,
235 2571 312 2629 &c
340 2566 389 2702 ’ὲ
419 2568 633 2626 Omnis
651 2565 740 2628 illa
767 2564 1078 2642 exspatians

121 2638 262 2698 citatio
301 2643 351 2702 su
429 2645 666 2701 nomine
702 2644 926 2700 Ouzelii
981 2639 1075 2700 hic

118 2715 347 2795 coiispesta
383 2720 506 2787 sunt
542 2715 714 2796 spolia
753 2720 955 2775 l’ricaeo
979 2717 1072 2775 de·

119 2806 232 2866 repta
276 2796 337 2853 ad
379 2799 518 2856 Aeta
554 2791 756 2871 Apost.
787 2813 930 2858 xxv,
979 2812 1070 2866 ¹4·

118 2870 284 2944 prorsus
321 2893 431 2931 non
473 2871 649 2931 modo
702 2888 795 2947 per
849 2867 1070 2942 eosdem

117 2946 313 3007 anantes
339 2948 602 3007 instructa
617 2985 635 3012 ,
677 2944 767 3003 sed
787 2962 902 3003 tam
917 2964 1072 3004 accu-

115 3036 198 3077 rate
221 3027 501 3102 compilata
517 3061 537 3090 ,
590 3041 652 3081 ut
683 3041 751 3080 ne
768 3021 994 3100 quidem
1014 3042 1076 3079 o·

115 3096 279 3157 miserit
328 3101 471 3160 istud
543 3104 560 3172 (
587 3103 677 3157 ubi
730 3098 1071 3174 fiepplendum

113 3168 384 3248 ize-'orm
423 3194 481 3235 ut
543 3178 665 3236 lane
700 3171 936 3233 funestet
958 3172 1071 3232 haec

113 3243 239 3307 sacra.
309 3254 400 3310 Ille
422 3257 478 3330 ip
503 3272 534 3310 e
561 3253 647 3309 vir
672 3252 730 3309 in
756 3248 1065 3329 colligendo

110 3319 495 3404 locupletiffimus
565 3326 713 3390 hune
789 3324 1066 3402 hymnum

113 3396 306 3462 Minucii
343 3403 467 3463 sane
500 3401 808 3486 gloriosum·
842 3403 1073 3460 contulit

112 3491 288 3556 quoque
351 3502 476 3540 curn
552 3479 767 3538 Psalmo
839 3477 1072 3538 Davidis

114 3564 294 3614 211111
316 3595 334 3623 ,
370 3558 465 3616 etfi
493 3558 754 3614 omittens
781 3573 972 3613 vocem
1006 3574 1073 3610 e·

109 3643 209 3706 que,
226 3631 390 3702 nescio
418 3653 490 3692 an
515 3633 582 3691 de
607 3629 901 3695 industria.
932 3649 1073 3690 certe

111 3701 162 3759 ad
179 3704 337 3765 locum
367 3713 636 3767 Actorum
659 3709 795 3768 bene
810 3707 1070 3772 retinens,

112 3792 157 3833 ut
173 3782 292 3839 credi
315 3783 497 3842 debeat
519 3785 741 3842 errorin
765 3782 1067 3842 scribendo.

110 3855 192 3932 §9⁶1
206 3863 260 3934 {c
275 3861 622 3934 Sitzmannus
652 3858 767 3921 haec
789 3859 1067 3924 Minucia-

1160 1291 1275 1330 non
1298 1271 1469 1326 dixit?
1512 1270 1749 1327 Gronov.

1242 1368 1275 1405 2
1319 1349 1558 1403 Hiberna
1595 1348 1815 1403 olivitas
1846 1343 2124 1421 ueceffiwia
2134 1344 2173 1425 J

1163 1429 1291 1482 Hoc
1322 1424 1559 1480 minime
1573 1422 1641 1479 ad
1668 1423 1891 1480 octavii
1918 1421 2172 1498 proposi·

1159 1521 1278 1560 tum
1314 1495 1490 1555 facere
1529 1497 1761 1555 videtur.
1813 1514 1946 1553 nam
1986 1496 2177 1575 pleris-

1162 1597 1268 1655 que
1320 1573 1638 1653 regionibus
1689 1593 1804 1632 non
1885 1576 2178 1632 reveniunt

1159 1655 1353 1718 olivae,
1391 1670 1567 1728 neque
1591 1647 1673 1707 est
1699 1669 1824 1707 nece
1869 1652 1986 1707 aria
2011 1650 2176 1707 olivi.

1160 1749 1244 1787 tas
1272 1766 1291 1793 ‚
1333 1731 1518 1805 inepte
1541 1744 1721 1784 autem
1748 1744 2174 1803 componeretur

1161 1803 1394 1863 hiberna
1412 1803 1628 1861 olivitas
1639 1821 1761 1861 eum
1778 1803 2028 1859 autumni
2048 1821 2176 1865 ma.-

1158 1883 1392 1937 turitate.
1436 1881 1692 1955 Figurate
1705 1879 1873 1955 igitur
1889 1881 2177 1937 Minucius

1157 1958 1427 2014 hibernam
1452 1957 1752 2012 olivieatem
1770 1952 1859 2011 hic
1878 1952 2056 2029 posuit
2107 1973 2174 2011 ro

1156 2033 1624 2105 hibernanti—gine.
1666 2048 1793 2087 cum
1836 2029 2030 2087 scilicet
2108 2049 2174 2089 u-

1159 2127 1285 2167 mus
1311 2126 1412 2185 ,per
1447 2104 1692 2163 hiemem
1729 2105 1847 2182 ipso
1877 2104 1978 2163 fitu
2002 2109 2175 2183 putris

1200 2184 1328 2241 lacie
1403 2194 1461 2240 er
1499 2184 1642 2239 vices
1669 2182 1904 2262 regelata
1936 2189 1990 2240 &
2027 2184 2176 2240 nivi·

1155 2204 1259 2318 §us
1280 2279 1338 2326 re
1363 2259 1530 2319 olutis
1558 2259 1618 2316 in
1644 2258 1842 2317 limum
1869 2257 2176 2340 pinguescit

1159 2337 1302 2395 velut
1325 2338 1476 2395 olivo
1505 2333 1737 2412 perfusa.
1794 2335 1908 2394 haec
1931 2336 2057 2393 sane
2083 2334 2175 2394 hi-

1158 2413 1325 2471 berna
1365 2411 1582 2469 olivitas
1614 2429 1727 2469 tarn
1764 2408 2049 2488 neceffaria
2088 2409 2174 2471 ess:

1156 2509 1327 2565 quam
1367 2490 1621 2546 autumni
1662 2491 1944 2546 maturitas
1990 2505 2172 2563 grata.

1157 2567 1363 2623 etenim
1391 2583 1552 2642 agros
1589 2563 1819 2621 oblimat
1854 2572 1908 2621 &
1932 2564 2172 2621 oblima-

1155 2644 1311 2699 tione
1331 2640 1579 2697 mollitos
1589 2638 1659 2695 ad
1681 2636 1965 2696 serendum
1993 2641 2177 2715 aptio-

1155 2737 1238 2775 res
1261 2714 1458 2773 reddit.
1537 2716 1796 2771 Ceterum
1829 2753 1847 2780 ,
1890 2713 2056 2792 siquis
2078 2713 2172 2776 hie

1156 2791 1386 2851 allusu'm
1414 2792 1581 2848 etiam
1610 2790 1738 2847 velit
1763 2789 1831 2848 ad
1853 2788 2029 2867 ipsam
2060 2791 2170 2847 oli·

1155 2887 1345 2927 varum
1385 2867 1685 2924 olivitatem
1717 2886 1839 2940 quae
1876 2864 1939 2924 fit
1983 2863 2174 2925 mense

1155 2943 1484 3011 Decembri,
1526 2941 1681 3006 facile
1701 2942 2019 3008 concedam.
2067 2945 2170 3003 Ri-

1182 3023 1285 3080 alt.

1140 3041 1182 3098 g
1228 3098 1469 3154 Hiberna
1490 3098 1718 3155 olivitas
1744 3102 1853 3156 διο.
1880 3093 1907 3174 ]
1991 3095 2169 3175 Quod

1154 3169 1249 3230 h'ic
1290 3174 1521 3231 occurrit
1559 3169 1925 3239 difficultatis,
1973 3177 2048 3231 ita
2069 3192 2172 3232 ex-

1154 3242 1359 3325 pedies.
1398 3249 1640 3306 ouvius
1659 3246 1739 3306 est
1791 3267 2047 3308 roventus
2061 3250 2171 3308 oli-

1153 3344 1369 3384 varum.
1407 3326 1492 3381 Sic
1508 3325 1754 3385 columel
1776 3345 1806 3382 a
1830 3328 2055 3403 accipit:
2095 3324 2169 3389 fic

1153 3401 1593 3459 Mamertinusin
1617 3402 1916 3478 gratiarum
1946 3403 2167 3462 afflone

1150 3479 1219 3535 ad
1242 3480 1272 3546 J
1278 3479 1549 3535 ulianum.
1588 3474 1792 3534 Noster
1811 3474 2001 3534 uiitata
2020 3474 2170 3560 figu-

1150 3573 1208 3612 ra
1234 3572 1335 3631 pro
1361 3569 1608 3630 tempore
1631 3551 1916 3618 olivitatis.
1931 3550 2015 3611 seu
2031 3571 2172 3631 pro-

1149 3631 1486 3688 venientium
1510 3666 1529 3695 ,
1578 3635 1634 3685 &
1674 3644 2018 3688 maturarum
2057 3634 2166 3691 oli-

1150 3724 1342 3764 varum
1362 3744 1379 3770 ,
1423 3704 1526 3763 hoc
1551 3702 1632 3762 est
1648 3741 1666 3770 ,
1708 3701 1890 3763 hieme
1906 3743 1923 3771 ‚
1945 3706 2163 3786 accipit:

1149 3797 1210 3842 ut
1232 3779 1425 3857 mffm
1451 3780 1640 3838 dicunt
1666 3799 1767 3857 pro
1798 3778 2011 3849 aestare,
2050 3803 2163 3861 qua

1149 3853 1516 3924 fiuntmesses.
1552 3859 1639 3920 Sic
1654 3858 1923 3940 Virgilius
1935 3885 1951 3918 .·
1957 3860 2022 3937 fi
2030 3881 2107 3918 me
2132 3891 2162 3908 -

2071 3957 2154 4009 15.
