2703 4573
690 254 1758 369 PRAEFATI-Oss

182 443 393 535 moles
437 446 546 545 ό·
608 446 923 564 infinita
965 444 1276 531 luxuria
1335 464 1510 543 erat
1564 441 1804 559 odiosa
1841 509 1864 540 ‚
1928 461 2098 530 tum
2147 440 2276 561 isto

195 561 328 677 ipso
383 564 696 645 nomine
756 617 783 660 ,
860 558 1064 675 quod
1121 555 1315 643 nihil
1379 555 1700 669 afferret
1771 558 2282 645 meditationis

202 680 513 758 recentis
558 729 589 772 ‚
647 691 831 756 tum*
875 670 1070 786 quod
1112 692 1354 786 neque
1409 672 1826 787 quidquam
1869 678 2278 786 pertineret

212 785 314 868 ad
366 787 794 872 Minucium
825 804 1132 897 propter
1185 782 1493 896 insanas·
1549 782 2001 898 digreffiones
2040 816 2075 877 ;
2150 785 2279 869 de.

203 902 439 1012 nique
495 893 697 1011 quod
736 905 815 978 in
850 899 1065 979 rebus
1095 892 1528 1011 plerumque
1565 901 1871 1004 cognitis
1932 894 2030 990 ἄν
2069 903 2286 982 tritis

205 1009 845 1124 consumerentur.
949 1009 1105 1092 His
1160 1027 1413 1091 autem
1443 1004 1529 1117 fi
1569 1006 2149 1117 affunderentur
2182 1007 2276 1092 il·

206 1121 289 1206 la
311 1180 340 1220 ,
394 1148 563 1235 quae
581 1121 770 1203 addi
794 1119 1154 1232 censebam
1174 1175 1201 1218 ,
1256 1136 1448 1203 certe
1463 1115 1716 1230 spatio
1738 1137 1951 1204 tanto
1992 1122 2283 1235 &pon-

216 1234 402 1319 dere
456 1231 943 1347 praepeditum
1012 1230 1095 1314 id
1200 1229 1347 1314 uod
1402 1235 1902 1343 excogitatum
1957 1234 2056 1345 est
2107 1231 2286 1318 illu·-

188 1345 533 1460 strando
539 1346 829 1458 scripto
868 1402 897 1442 ,
950 1368 1108 1426 mer
1141 1366 1364 1425 urum
1407 1360 1576 1425 erat
1615 1343 1711 1437 (y
1748 1367 2286 1431 occaecaturum

217 1455 537 1544 delicias
595 1459 751 1570 ejus
816 1455 916 1550 ό·
974 1456 1270 1568 legentis
1322 1453 1729 1566 cupidinem
1788 1453 2291 1568 refrigeratu-

215 1596 429 1655 rum.
541 1570 904 1653 Obtinens
934 1593 1104 1680 ergo
1141 1629 1164 1660 ,
1226 1586 1319 1649 ut
1372 1571 1456 1649 in
1489 1564 1626 1673 ista
1658 1571 1903 1679 priore
1934 1587 2154 1683 parte
2185 1597 2288 1654 ex

187 1681 372 1792 'fide
417 1680 519 1775 ό
558 1708 653 1763 ex
689 1685 1055 1764 commodo
1077 1678 1423 1791 ,Minucii
1455 1702 1744 1789 agerem
1762 1742 1785 1773 ,
1847 1680 2068 1795 testor
2101 1680 2301 1767 nihil

212 1795 395 1878 inde
435 1822 558 1878 me
593 1787 920 1901 didiciffi·
957 1850 986 1890 ,
1063 1790 1161 1885 ό
1199 1808 1450 1874 tamen
1483 1787 1851 1906 reliquisse
1886 1791 2280 1889 nonnulla,

220 1934 374 1989 non
409 1924 509 1990 ut
545 1900 770 1991 let‘t'or
787 1903 959 1986 inde
990 1899 1412 2016 proficeret,
1459 1902 1603 2013 fid
1617 1907 1780 2018 joci
1813 1931 1983 2017 ergo
2026 1907 2122 2001 ό
2163 1933 2297 1991 ex-

236 2014 450 2130 empli
484 2074 513 2116 ‚
628 2042 717 2098 uo
747 2015 872 2125 iste
919 2024 1057 2098 vir
1091 2019 1174 2097 in
1223 2012 1488 2098 alienis
1541 2013 2297 2132 traducendi5fuerit

232 2129 434 2238 usus.
625 2147 767 2211 unt
798 2131 990 2210 enim
1026 2124 1267 2211 aliena
1307 2182 1334 2225 ,
1388 2127 1611 2241 idque
1626 2125 1809 2239 scio.

335 2245 591 2348 ‘Quem
606 2263 793 2324 vero
813 2232 1129 2325 delectat
1147 2236 1283 2350 ista
1304 2236 1962 2353 Elmenhorstiana'
1987 2244 2298 2327 iteratio

223 2358 679 2437 citationum
702 2353 1044 2438 Woweri
1062 2409 1089 2450 ,
1150 2352 1247 2446 ὠ·
1285 2376 1461 2433 mox
1482 2354 1859 2437 aberratio
1872 2360 2158 2467 partim
2190 2355 2298 2439 ad

194 2465 481 2577 sensus
494 2464 767 2577 eosdem
786 2464 880 2547 ab
898 2460 1385 2557 Tertulliano,
1417 2463 1860 2564 Lafiantio‚
1878 2485 2022 2549 aut
2036 2469 2299 2552 Tatia-

231 2606 328 2662 no
354 2575 597 2660 aliove
616 2604 759 2690 quo
776 2572 1164 2690 expreffis,
1180 2580 1468 2689 partim
1483 2576 1588 2659 ad
1605 2584 1850 2661 omnia
1854 2576 2013 2690 post
2035 2581 2300 2662 Minu-

225 2693 339 2772 cii
353 2694 607 2772 vitam
602 2686 885 2801 saecula
907 2689 1002 2783 ὠ*
1042 2685 1534 2799 Ecclqiarum
1530 2688 1734 2799 scita
1756 2745 1783 2787 ,
1817 2717 1956 2772 non
1965 2689 2300 2804 profesto

226 2800 339 2886 ad
374 2798 1367 2914 hocscriptum-afferenda?
1426 2800 1704 2915 Utique
1740 2818 1902 2885 tam
1933 2803 2295 2916 benefen-

228 2919 340 2997 tio
376 2971 403 3014 ,
461 2933 557 2998 ut
590 2919 722 3028 qui
776 2910 956 3023 legit
995 2912 1495 3006 minucium
1533 2976 1553 3005 ,
1614 2909 1804 2995 alios
1855 2942 2142 3030 quoque
2179 2916 2302 3001 di-

213 3044 619 3138 gnaturus
649 3024 751 3131 sit
784 3024 1151 3141 inspicere.
1253 3025 1473 3108 Certe
1516 3020 2142 3140 Elmenhorstium
2155 3027 2299 3141 sa-

221 3144 518 3253 pienter
557 3142 849 3221 monuit
887 3135 1219 3249 Scaliger
1253 3132 1542 3250 epistola
1572 3143 1749 3222 260¹.
1775 3139 1873 3233 ὠ·
1902 3143 2082 3240 261,
2103 3167 2299 3255 qua-

229 3275 412 3336 rum
446 3249 689 3334 verba
764 3254 1045 3363 uisquis
1076 3247 1216 3361 ins
1237 3254 1522 3346 exerit,
1555 3248 1761 3362 satis
1789 3247 2081 3363 'colliget
2111 3254 2306 3368 quid]

232 3368 624 3447 maximus
657 3279 787 3445 ilye'
814 3370 953 3445 vir
1004 3381 1162 3476 prae
1195 3366 1533 3474 agiverit
1567 3361 1656 3443 de
1691 3361 1819 3466 isto
1854 3362 2101 3447 labore
2156 3363 2306 3449 El-

230 3475 685 3586 menhorstii.
780 3473 1057 3585 Igitur
1141 3500 1234 3558 ex
1294 3471 1628 3557 omnibns
1667 3493 1892 3588 patet
1948 3502 2112 3562 eam
2164 3477 2305 3590 effi!

234 3595 605 3671 rationem
643 3585 1000 3671 notarum
1039 3588 1145 3669 ad
1182 3586 1607 3672 Minucium
1636 3642 1662 3683 ‚
1716 3603 1811 3670 ut
1833 3587 1987 3699 fint
2003 3610 2147 3673 aut
2185 3594 2307 3673 ni-

237 3708 383 3784 mis
416 3699 718 3812 copiose
759 3699 853 3790 ἄν
892 3696 1230 3812 loquaces
1251 3755 1277 3795 ,
1292 3700 1378 3807 si
1404 3693 1718 3809 Dialogi
1750 3698 1984 3815 hujus
2021 3702 2310 3808 mensu..

237 3837 331 3899 ra
384 3814 485 3912 ά·
505 3810 844 3927 fruetus
887 3831 1027 3896 aut
1058 3808 1469 3925 scriptoris
1497 3808 1757 3922 finsus
1791 3812 2229 3928 inspiciatur
2266 3846 2306 3907 ‚⁴

2196 3954 2312 4012 nz-
