2703 4573
396 326 537 408 DE
597 328 992 410 ERRORE
1054 327 1334 411 Pnor.
1398 331 1748 420 Ram.
1943 327 2123 438 '421‘

63 457 342 548 iaciunt,
387 463 461 535 Sc
495 486 720 534 annua
754 463 824 533 in
859 462 1123 556 templo
1156 481 1317 533 vota
1346 464 1745 534 decernunt.
1786 462 1924 537 sed
1950 463 2108 535 nul-

63 555 114 626 lo
151 579 406 653 genere
441 558 672 628 matris
716 556 918 629 dolor
955 557 1285 641 vincitur,
1332 582 1461 628 nec
1498 558 1844 631 muliebris
1886 559 2114 653 impa··

63 651 303 723 tientiae
343 672 684 724 tormenta
719 672 1063 723 curantur.
1161 653 1295 723 Sed
1354 654 1630 724 credens
1681 678 1841 726 vere
1891 653 2105 726 filiam

63 769 257 841 prope
303 746 831 842 Syracusasesse
874 746 1077 817 visam
1127 802 1150 835 ‚
1224 746 1669 843 Triptolemo
1708 748 1945 820 villico
1983 747 2108 819 suo

63 841 261 931 duce,
292 841 674 922 ,nocSturnis
709 841 1063 913 itineribus
1099 842 1180 912 ad
1218 843 1657 936 Syracusanae
1676 843 1972 914 civitatis
1994 842 2107 913 lit-

63 953 156 1007 tus
197 961 362 1012 cum
402 935 683 1031 lugubri
720 936 904 1007 veste
941 961 1020 1008 ac
1056 937 1327 1008 sordido
1366 937 1702 1033 squallore
1748 938 2106 1033 pervenit,

63 1055 173 1102 nec
214 1031 315 1103 illi
350 1031 572 1104 defuit
609 1086 632 1119 ‚
699 1032 820 1127 qui
877 1032 1221 1104 credulam
1281 1033 1371 1102 de
1429 1032 1918 1103 calamitatibus
1973 1031 2110 1103 suis

63 1126 309 1199 falleret
353 1145 666 1202 matrem.
743 1127 958 1198 Tunc
987 1126 1081 1197 ait
1114 1125 1179 1198 se
1208 1127 1594 1210 Pandarus»,
1644 1125 1868 1198 nescio
1954 1126 2104 1217 uis,

63 1220 277 1295 vidiffe
331 1243 479 1293 non
528 1220 737 1316 longe
772 1221 810 1291 a
848 1222 1175 1316 Pachyno
1214 1245 1455 1292 navem
1492 1241 1833 1316 raptorem
1877 1246 1910 1292 a
1944 1246 2106 1294 cen-

63 1314 208 1388 diffe
240 1342 407 1390 cum
450 1316 745 1411 virgine.
798 1315 1194 1388 Persuasum
1234 1316 1331 1386 est
1373 1315 1689 1405 mulieri,
1740 1340 1895 1412 quae
1928 1329 2108 1411 quo-i

63 1408 210 1482 libet
256 1435 511 1508 genere
563 1411 795 1482 viv'ere
833 1410 1046 1481 filiam
1086 1410 1404 1507 cupiebat
1444 1409 1677 1482 audire
1715 1466 1738 1499 ,
1817 1411 2106 1483 infinitis

63 1503 319 1579 dotibus
363 1525 755 1584 remunerat
787 1505 1159 1577 civitatem.
1262 1504 1660 1599 Syracusani
1704 1505 2142 1584 liberalitato*

63 1600 349 1673 mulieris
390 1600 745 1696 provocati
785 1655 808 1688 ‚
873 1620 1147 1693 raptum
1188 1600 1470 1694 virginis
1510 1599 1902 1672 consecrant
1936 1653 1957 1681 ,
2027 1601 2103 1671 δε

65 1695 441 1791 mitigantes
469 1694 778 1765 dolorem
817 1693 1049 1765 matris
1089 1719 1410 1790 pompam
1454 1695 1674 1765 miseri
1708 1692 1960 1766 funeris
1982 1716 2105 1764 ex-

66 1788 289 1866 colunt
327 1792 593 1861 honore
627 1789 1072 1884 templorum.
1121 1792 1256 1864 Sed
1285 1812 1415 1860 nec
1443 1789 1579 1861 hoc
1604 1787 1849 1861 sufficit
1880 1791 2104 1873 matri,

63 1879 163 1954 sed
200 1883 463 1958 ascensa
502 1907 672 1955 nave
712 1908 833 1978 per
874 1886 1230 1980 peregrina
1280 1884 1510 1955 littora
1560 1883 1772 1955 filiam
1827 1884 2100 1980 quaerit.

65 1977 165 2049 Sic
203 1979 525 2055 fluetibus
563 1977 1205 2072 tempestatibusque
1230 1978 1480 2076 potata
1511 1979 1591 2049 ad
1633 1979 1882 2050 Atticae
1914 1978 2106 2050 urbis

67 2070 281 2154 locum
320 2074 656 2171 pervenit.
705 2075 858 2145 Illic
893 2073 1185 2168 hospitio
1219 2092 1490 2168 recepta
1515 2129 1538 2163 ‚
1582 2072 1823 2143 incolis
1861 2073 2104 2167 incog-

69 2167 270 2240 nitum
313 2170 540 2245 adhuc
575 2168 878 2247 triticum
915 2169 1185 2240 dividit.
1257 2167 1492 2239 Locus
1532 2190 1621 2239 ex
1657 2167 1869 2262 patria
1905 2170 1975 2239 δε
2011 2190 2101 2238 ex

72 2263 346 2339 adventu
374 2263 678 2345 mulieris
711 2289 963 2336 nomen
999 2262 1276 2357 accepit.
1324 2262 1512 2334 Nam
1546 2272 1566 2305 ¹
1593 2260 1856 2334 Eleusis
1878 2260 2106 2334 dictus

72 2358 194 2449 est,
239 2360 427 2456 quod
472 2360 640 2430 illuc
678 2359 930 2441 Germ,
978 2357 1213 2432 reuera
1246 2356 1548 2448 Henna,
1599 2377 1897 2430 venerat.
1953 2357 2105 2432 Sic-

72 2474 188 2544 que
234 2475 381 2528 tum
443 2453 580 2548 ipsa
633 2453 1032 2548 dispensatio
1083 2452 1270 2547 quod
1327 2453 1643 2524 attulerat
1706 2450 2099 2543 frumenta,

73 2549 429 2646 tumquod
480 2548 1027 2645 colligendarum
1075 2547 1358 2642 frugum
1402 2548 1765 2618 tradiderat
1804 2546 2103 2642 discipli-

72 2662 206 2714 nam
231 2700 251 2731 ,
298 2644 452 2739 post
488 2664 781 2715 mortem
817 2643 910 2714 ob
942 2641 1361 2713 beneficium
1395 2696 1417 2729 ‚
1464 2642 1653 2736 quod
1689 2665 1774 2712 ex
1811 2639 2099 2735 frugum}

74 2739 248 2830 copia
279 2737 717 2820 nascebatur,
765 2739 837 2809 &
881 2735 1139 2831 sepulta
1176 2736 1247 2806 in
1282 2760 1369 2806 eo
1402 2736 1564 2806 loco
1595 2734 1691 2807 est
1737 2734 1985 2830 pariter
2022 2737 2102 2806 δε

73 2834 429 2907 consecrata
454 2890 471 2914 ,
525 2835 597 2903 &
633 2832 870 2904 divino
907 2855 1066 2902 cum
1105 2829 1250 2900 filia
1283 2829 1616 2925 appellata
1648 2829 1950 2900 nomine.
2000 2832 2102 2899 A·

76 2946 195 2997 mat
230 2930 411 3002 enim
449 2926 862 2999 Graecorum
897 2925 1133 2997 levitas
1167 2948 1322 3013 em,
1370 2924 1489 3020 qui
1516 2923 1631 2995 fibi
1653 2922 1910 3019 aliquid
1933 2947 2105 2995 con-

73 3020 371 3112 tulerint,
419 3022 531 3095 vel
574 3022 693 3116 qui
731 3020 1017 3093 confilio
1047 3038 1164 3091 aut
1205 3018 1460 3089 virtute
1495 3018 1558 3089 se
1589 3019 1897 3114 juverint
1928 3074 1951 3101 .‚
1996 3020 2104 3089 di-

75 3112 228 3187 vinis
267 3118 606 3214 appellare
643 3114 1061 3187 nominibus.
1153 3114 1248 3184 Et
1278 3112 1369 3184 fic
1409 3113 1494 3183 ab
1534 3112 1686 3209 ipfis
1726 3111 2107 3185 beneficio-'2

72 3228 204 3278 rum
246 3214 455 3306 gratia
484 3209 878 3306 repensatur
915 3266 934 3294 ,
1004 3227 1084 3291 ut
1116 3208 1278 3279 deos
1307 3208 1539 3279 dicant
1568 3262 1591 3297 ,
1658 3209 1731 3279 &
1770 3208 1941 3282 deca
1968 3210 2107 3285 esse-

74 3303 371 3394 credant,
416 3307 537 3401 qui
581 3303 700 3375 fibi
739 3304 1105 3400 aliquando
1145 3300 1549 3397 profuerint.
1620 3303 1733 3373 Sic
1768 3304 1852 3372 de
1886 3306 2101 3375 Libe-

74 3414 139 3463 ro
168 3398 336 3471 Nisa
371 3425 507 3472 non
551 3396 819 3471 dubitat
841 3455 863 3489 ‚
922 3423 1049 3470 nec
1073 3398 1158 3469 de
1189 3398 1387 3469 novis
1421 3395 1706 3492 ambigit
1737 3396 1971 3490 Sparta
1994 3398 2106 3491 sy·-

73 3486 323 3573 deribus
347 3539 368 3573 ‚
413 3515 668 3571 cremat
710 3496 782 3566 &
822 3492 1168 3566 consecrat
1199 3490 1581 3562 Herculem
1624 3490 1825 3562 tristis
1857 3490 2111 3582 Oetas2

73 3583 172 3667 3&
213 3584 251 3666 ὲ
287 3589 471 3669 vanis
508 3586 1217 3673 Cretenfibusfladhuc
1259 3585 1515 3659 mortui
1561 3586 1754 3678 Jovis
1792 3587 2112 3659 tumulus

104 3790 157 3857 ,ι
199 3777 384 3853 gtwfi,
401 3781 569 3840 dm„
589 3776 701 3879 est]
751 3777 908 3848 mem
934 3779 1043 3848 ω,
1185 3798 1219 3864 ,²
1255 3779 1323 3841 Et
1333 3776 1388 3872 3⁸-
1402 3779 1565 3847 vanis
1582 3682 2114 3855 Czetmſshuslagssg

75 3840 342 3938 hstustvt
366 3856 607 3947 ntimo&
626 3857 869 3943 ἔλεψε
1111 3852 1269 3939 ⁸⁸⁸¹}
1291 3875 1458 3941 §2⁰⁵2
1537 3927 1651 3995 m
1689 3949 1724 4010 Ξ
1876 3944 1904 3989 ⁸
1944 3927 2118 4012 ῳ
