2703 4573
485 293 644 381 DE·
690 294 1086 383 ERRORE
1144 292 1818 385 PaomREmG.
1964 340 1969 347 ·
2056 302 2228 417 '447‘

140 426 343 504 dium
369 485 389 514 ,
435 427 509 504 ὃ(
537 429 980 526 profanarum
1013 431 1270 506 aedium
1299 429 1527 506 ruinas
1550 433 1886 530 propitius
1907 426 2232 515 Christus

142 525 416 625 populo
454 527 691 600 v‘estris
727 526 1043 613 manibus
1081 527 1478 601 reservavit.
1574 528 1704 602 Ille
1765 529 2232 628 spiritualibus

139 621 353 694 armis
392 623 609 695 malos
644 622 915 718 spiritus
941 681 963 713 ‚
1010 648 1134 696 vos
1176 624 1356 696 mala
1380 641 1650 698 terrena
1690 625 1971 701 vicistis.
2068 626 2232 704 Eri-

143 718 295 814 gite
347 735 609 813 tropaea
660 716 969 790 victoriae
1013 774 1037 808 ,
1116 720 1191 791 &
1246 717 1634 815 proferatur
1687 721 1930 818 ingens
1986 724 2233 801 titulus

147 812 669 906 triumphorum
713 839 730 884 z
794 808 1235 908 profanarum
1279 838 1514 886 rerum
1555 815 1776 910 strage
1808 820 2234 914 gaudenteS,

145 905 456 980 exultate
493 906 740 980 fortius
782 964 799 990 ,
867 908 1175 980 exultate
1217 906 1539 982 fidenter.
1636 912 1957 985 Felicitas
2009 915 2234 991 vestm

145 1027 312 1075 cum
378 1003 518 1075 Dei
573 1004 833 1076 virtute
882 1003 1334 1099 conjungitur
1368 1060 1392 1093 ,
1455 1028 1586 1099 pro
1626 1004 1835 1079 salute
1864 1007 2232 1085 hominum

147 1097 438 1169 Christo
480 1108 835 1196 pugnante
874 1098 1153 1172 vicistis,
1247 1097 1512 1172 Omnia
1566 1099 1876 1196 symbola
1925 1103 2233 1197 profanae:

145 1194 272 1265 reli
334 1194 506 1265 ionis
549 1220 669 1290 per
709 1194 1023 1267 ordinem
1054 1191 1182 1289 sug
1235 1214 1514 1266 erantur
1541 1250 1565 1282 ‚
1611 1217 1690 1268 ut
1714 1198 2087 1291 probemus
2107 1226 2233 1275 no·-

150 1291 274 1384 qui
325 1284 548 1361 imum
587 1290 852 1361 hostem
892 1288 1159 1386 generis
1185 1217 1485 1361 {amani
1527 1291 1613 1362 de
1649 1290 1891 1365 sanetis
1928 1294 2075 1369 haec
2110 1320 2233 1371 ve-

149 1383 604 1480 nerandisque
643 1385 1147 1480 Prophetarum
1182 1385 1480 1457 oraculis
1515 1386 1600 1457 ad
1637 1390 2096 1462 contaminata
2114 1390 2235 1466 fu-

153 1480 331 1550 roris
391 1480 490 1553 sui
541 1479 788 1552 scelera
829 1477 1263 1552 transtuliss’e.
1359 1480 1763 1555 Invenimus
1805 1484 1987 1556 enim
2022 1487 2095 1558 &
2136 1486 2234 1560 ita

151 1575 296 1646 dici
324 1599 342 1643 ε
392 1589 411 1618 ¹
440 1582 747 1663 ἐλιλικερις
779 1579 1055 1668 διμοςφᾴ.
1103 1576 1298 1648 Deus
1332 1573 1457 1646 iste
1490 1574 1713 1648 vester
1746 1603 1890 1650 non
1916 1577 2233 1653 biformis

149 1668 252 1741 est
276 1725 294 1753 ,
342 1668 454 1743 sed
505 1669 977 1743 multiformi&
1045 1670 1128 1741 In
1163 1669 1415 1743 multas
1450 1670 1633 1743 enim
1677 1670 1929 1768 species
1967 1694 2232 1748 vetera·-

151 1766 324 1837 toris
379 1766 602 1838 forma
653 1784 989 1840 mutatur.
1085 1764 1235 1860 Ipse
1273 1765 1374 1838 est
1412 1763 1752 1838 basiliscus
1794 1767 1869 1840 δε
1911 1767 2233 1866 scorpi0‚·

149 1860 278 2026 βοὶ
319 1860 635 1935 fidelium
678 1860 925 1934 securis
966 1860 1269 1958 vestigiis
1305 1860 1687 1956 premitur:
1736 1860 1876 1958 ipse
1917 1865 2229 1938 malicio-

187 1980 266 2026 us
302 1958 543 2053 anguis
573 2014 595 2044 ‚
667 1958 862 2045 cuius
912 1975 1118 2047 caput
1169 1955 1421 2051 quaerit
1468 1954 1753 2052 decepta
1809 1961 2225 2034 mortalitas:

149 2049 296 2146 ipse
329 2046 675 2124 tortuosus
715 2050 1072 2144 Draco†,
1121 2050 1243 2145 qui
1286 2050 1492 2121 hamo
1525 2051 1813 2124 ducitur
1844 2109 1866 2142 ‚
1940 2053 2061 2149 qui
2110 2080 2228 2130 ca-

150 2145 390 2242 ptivus
410 2148 832 2219 includitur:
893 2145 1015 2218 iste
1044 2148 1240 2218 Deus
1268 2144 1495 2218 vester
1526 2145 1803 2218 Lernaei
1825 2150 2067 2244 anguis
2090 2152 2227 2223 cri-

148 2240 359 2314 nibus
393 2243 803 2332 adornatur,
849 2240 1090 2315 videns
1126 2259 1205 2313 ut
1241 2238 1556 2336 percuss'o
1597 2242 1885 2315 domino
1926 2245 2228 2319 morien-

148 2335 330 2408 tium
372 2339 704 2435 anguium
742 2336 944 2410 turba
971 2335 1312 2409 succedat.
1363 2334 1561 2429 Quid
1597 2334 1688 2409 fic
1716 2339 2229 2416 renascentibus

150 2432 397 2529 hydris
436 2433 801 2529 pullulas?
866 2432 1037 2528 quid
1098 2452 1166 2502 te
1222 2430 1551 2503 foecunda
1599 2431 1931 2507 scelerum
1988 2436 2229 2514 sobole

150 2529 569 2623 componis?
620 2527 859 2600 mortis
903 2546 1043 2600 tuae
1076 2525 1258 2599 viam
1296 2526 1712 2613 didicimus;
1777 2528 2024 2602 scimus
2068 2535 2228 2627 qui..

152 2622 284 2696 bus
326 2623 645 2696 remediis
680 2623 839 2695 artis
874 2642 1014 2695 tuae
1044 2644 1310 2693 venena
1342 2622 1731 2694 vincantur.
1790 2621 2054 2695 Christi
2095 2628 2230 2699 irn-

148 2720 516 2792 mortalem
553 2717 951 2813 sanguinem
988 2716 1334 2805 bibimus,
1381 2715 1616 2787 nostro
1638 2715 1946 2810 sanguini
1965 2718 2232 2795 Christi

145 2815 422 2910 sanguis
455 2813 818 2910 adjunctus
858 2813 976 2884 est.
1026 2810 1195 2882 Hoc
1228 2812 1324 2882 est
1357 2810 1644 2883 salutare
1673 2812 2059 2885 remedium
2084 2814 2227 2889 sce..

147 2909 378 2986 lerum
422 2929 704 2981 tuorum
743 2964 762 2992 ,
830 2907 1019 3001 quod
1064 2907 1103 2978 a
1146 2906 1286 2977 Dei
1315 2904 1517 3000 plebe
1560 2905 1996 2980 mortiferum
2034 2911 2230 2984 virus

147 3005 489 3083 excludit.
574 3003 756 3100 Qis
791 3004 1029 3077 Deum
1071 3001 1275 3073 istum
1304 3056 1328 3090 ,
1382 3024 1590 3095 quem
1630 3002 2014 3099 plangunt,
2062 3028 2226 3082 cum

335 3126 372 3190 †
401 3126 589 3180 Ioh.4o.
2074 3128 2231 3178 Cor·

234 3270 260 3324 3
302 3260 567 3320 Ελιλικιρις
584 3242 843 3321 alcmeon]
888 3240 1153 3302 Emendat
1221 3238 1495 3301 Nicandri
1548 3244 1808 3322 Alexiph.
1863 3247 2118 3326 Orpheus
2171 3256 2233 3310 in

141 3326 441 3399 ἕλιξὸκερως,
486 3323 537 3383 δι’
588 3334 722 3394 aevu.
800 3321 901 3378 Vel
939 3322 1151 3397 potius:
1224 3323 1406 3395 Hym.

138 3398 249 3463 ἕλη
268 3398 451 3468 δίκερας
463 3439 482 3466 ,
558 3399 755 3471 ’μορφὴ
832 3394 1150 3473 Symbolum
1299 3394 1564 3455 Κικλῆσκω
1584 3392 1803 3455 θύννος-ον
1816 3435 1835 3465 ‚
1849 3396 2234 3476 {pt'Ceopmnflo’a-

139 3474 673 3554 orgiorumBacchi,
693 3472 794 3529 five
816 3473 974 3530 Solis.
1000 3473 1150 3528 Idem
1398 3474 1515 3546 εἶρα
1531 3507 1550 3538 ,

139 3557 303 3615 enim
333 3550 604 3627 utriusque
621 3567 824 3606 numen
844 3586 860 3612 ,
889 3565 947 3605 ut
971 3548 1157 3606 multis
1302 3543 1525 3622 amm,
1567 3544 1793 3624 α’ίᾞιιτον,
1835 3550 2026 3627 κρόφη,
2048 3592 2070 3622 ‚
2105 3548 2233 3614 M..
2266 3625 2271 3631 .

143 3632 312 3689 docet
336 3628 646 3685 Macrobius
667 3631 898 3683 Saturus
918 3622 1153 3681 Bacchus
1394 3647 1524 3697 pem-a
1539 3662 1556 3690 ,
1628 3625 1873 3699 ίμροςφοφ,

141 3724 333 3766 autem
356 3702 685 3776 ταυρόμοςφφς
703 3738 720 3765 ,
760 3697 1035 3770 ταυρόκερως
1053 3723 1080 3764 s'
1097 3707 1152 3756 &
1300 3696 1566 3772 Ktoecivaov
1581 3738 1599 3766 ‚
1639 3702 1882 3777 ταυρυπὶν
1897 3746 1987 3764 ....

139 3779 421 3854 δίμιοςφος,
464 3781 634 3838 cultus
648 3780 715 3835 ab
732 3778 992 3852 antiquis.
1011 3776 1151 3831 Dio·
1225 3775 1403 3833 Solem
1433 3793 1652 3853 quoque
1684 3781 1899 3838 taurina
1920 3780 2090 3859 specie
2122 3786 2235 3843 cul.

107 3881 112 3887 ·
142 3856 317 3918 dorus
338 3857 546 3917 Siculus
579 3854 678 3914 lib.
713 3873 764 3930 5.
841 3848 1157 3913 scholiastes
1225 3867 1343 3912 tum
1370 3851 1704 3929 Porphyrius
1729 3849 2009 3937 mpiei'nfv.
2048 3861 2240 3916 &La-

2064 3934 2241 3994 ctant.
2356 3983 2361 3996 .
