2703 4573
523 278 638 366 §a
694 276 1221 368 Inotomm
1280 279 1841 378 Vama-xrs]
2051 278 2212 393 '393

122 410 301 493 'finnt
336 406 514 484 {acra
556 469 578 504 ,
636 438 795 510 quae
824 415 1059 512 primis
1096 415 1363 489 fuerant
1397 414 1726 511 affumpta
1764 410 2015 486 solatia.
2113 393 2240 488 En'

123 509 497 586 videamus
545 532 631 587 an
682 508 765 581 fit
801 513 876 583 &
914 512 1063 584 haec
1101 510 1282 608 apud
1320 508 1618 606 singulos
1647 507 1911 584 veritaS.
1952 509 1956 514 ’
2010 509 2222 600 Meli-2⁸

120 620 358 682 certes
396 601 470 674 δεῖ
507 603 903 682 Leucothea
936 607 1446 704 praecipitantur
1481 605 1553 677 in
1584 602 1790 688 maria
1824 661 1844 688 ‚
1909 602 1983 675 &
2033 604 2219 678 fiunt

121 696 587 796 postmodum
626 700 826 772 maris
858 703 1162 778 numina.
1260 701 1575 792 Castores
1608 698 1875 772 alternis
1905 699 2221 789 moriun-g'

124 813 255 865 tur
300 845 327 879 ,
396 814 477 866 ut
511 793 773 872 vivant.
869 795 1306 892 AEsculapius
1357 816 1438 867 ut
1481 796 1553 866 in
1596 795 1828 890 Deum
1870 794 2223 892 resurgat,

122 886 575 964 fulminatur.
624 889 965 971 Hercules
994 912 1076 963 ut
1105 894 1454 963 hominem
1475 909 1678 965 exuat
1697 946 1719 980 ‚
1767 888 2224 986 Oetassisignig

120 980 274 1054 bus
305 1000 804 1058 concrematur.
866 986 1123 1080 Apollo
1163 988 1468 1076 Admeto.
1490 1009 1694 1083 pecus
1724 984 1933 1081 pavit.
2034 985 2224 1074 1..an

126 1076 457 1156 medonti
508 1102 745 1162 muros
792 1081 1169 1175 Neptunus
1224 1080 1513 1170 instituit
1561 1137 1587 1175 a
1658 1103 1784 1175 nec
1835 1078 2220 1171 mercedem

127 1173 366 1268 operis
402 1173 638 1252 infelix
672 1174 973 1254 struEtor,
998 1176 1279 1272 accepit.
1342 1177 1646 1257 Antrum
1683 1175 1873 1267 Jovis
1905 1173 1976 1245 in
2013 1173 2226 1252 Creta

111 1266 428 1356 'vifitur,
473 1270 546 1346 δί
584 1268 968 1363 sepulcrum
1004 1270 1143 1376 ejus
1177 1270 1553 1356 ostenditur
1585 1327 1605 1353 ,
1649 1271 1722 1342 &
1747 1268 1833 1342 ab
1870 1296 1953 1342 eo
1988 1272 2222 1344 Satur-

130 1387 317 1440 num
356 1362 674 1459 fugatum
707 1366 836 1437 effe
874 1365 1306 1438 mamfestum
1331 1365 1427 1437 est
1446 1394 1469 1456 3
1512 1366 1670 1440 inde
1697 1365 1980 1441 Latium
2011 1364 2095 1436 de
2127 1364 2225 1454 la-‚

131 1457 339 1530 tebra
390 1460 533 1555 ejus
588 1482 838 1535 nomen
876 1463 1163 1556 accepit.
1266 1462 1459 1534 ³Hie
1500 1459 1754 1533 litteras
1784 1460 2221 1555 imprimere,

133 1555 217 1628 δί
261 1552 523 1649 fignare
560 1578 879 1636 nummos
916 1555 987 1630 in
1016 1556 1205 1628 ltalia
1243 1554 1503 1651 primus
1532 1555 1859 1644 instituit,
1904 1556 2090 1627 unde
2126 1580 2224 1648 aeff

132 1673 398 1729 tarium
424 1649 1031 1737 Saturnivocatur3
1074 1654 1201 1724 &4
1223 1651 1602 1724 rusticitatis
1642 1649 1755 1721 hic
1793 1650 2022 1723 cultor
2061 1647 2223 1743 fuit²

134 1741 309 1826 inde
342 1743 582 1816 falcem
626 1742 843 1818 ferens
878 1746 1208 1843 pingitur.
1310 1747 1529 1820 Hunc
1564 1744 1882 1853 fugatum
1924 1743 2229 1910 hogpitio

124 1839 353 1911 *lanus
392 1859 743 1934 exceperat
776 1895 798 1930 ‚
867 1841 952 1920 de
994 1843 1188 1936 cujus
1227 1842 1503 1914 nomine
1543 1840 1925 1922 Iamculum
1954 1839 2021 1911 di
2097 1843 2226 1934 um'

135 1933 296 2021 est3
367 1935 442 2006 &
499 1932 740 2012 menfis
791 1935 1132 2008 Ianuarius
1168 1934 1514 2008 institutus
1552 1934 1675 2007 est.
1773 1935 1919 2034 Ipse
1956 1933 2223 2014 bifrons

136 2029 558 2124 exprimitur
589 2085 607 2111 ‚
674 2032 861 2125 quod
913 2031 991 2110 in,
1036 2029 1262 2104 medio
1308 2030 1716 2106 constitutus
1755 2054 2007 2103 annum
2046 2029 2220 2101 inci-

138 2124 449 2220 pientem
472 2123 717 2222 pariter
734 2124 806 2194 δε
830 2124 1247 2204 recedentem
1270 2122 1559 2221 speetare
1587 2124 1917 2210 videatur.
1965 2132 1989 2176 5
2015 2125 2094 2195 M
2100 2149 2223 2208 ξιιμ,

138 2220 205 2299 ri
266 2216 435 2296 vero
489 2218 837 2295 manifeste
888 2244 1075 2317 reges
1125 2219 1278 2293 suos
1315 2219 1558 2295 colunt
1596 2275 1619 2311 ,
1690 2246 1816 2295 nee
1858 2219 2003 2300 ullo
2035 2219 2219 2292 vela-

139 2334 387 2387 mento
422 2315 552 2392 hoc
589 2339 842 2389 nomen
878 2314 1235 2386 obtexunt.
1331 2315 1499 2387 Inde
1537 2340 1655 2410 per
1685 2337 1916 2414 gentes
1946 2315 2018 2388 &
2054 2339 2220 2412 pro-

140 2410 402 2495 vincias
444 2409 736 2508 singulas
774 2410 952 2482 varia
1002 2411 1291 2486 deorum.
1327 2410 1567 2506 religio
1608 2432 1916 2484 mutatur
1951 2468 1974 2503 ,
2044 2410 2222 2493 dum

140 2530 293 2581 non
336 2529 515 2584 unus
553 2503 639 2579 ab
671 2505 990 2576 omnibus
1020 2507 1214 2577 Deus
1249 2502 1499 2577 colitur
1535 2561 1557 2595 ,
1616 2506 1727 2578 sed
1815 2504 2035 2605 ropria
2069 2509 2222 2577 cui-

142 2625 286 2696 que
326 2601 660 2702 majorum
703 2598 977 2677 suorum
1019 2585 1057 2642 ὅ
1066 2600 1334 2672 cultura
1368 2598 1686 2689 servatur.
1852 2627 1936 2673 oc
1975 2600 2064 2672 ita
2088 2601 2218 2674 elle

143 2696 536 2769 Alexander
569 2698 868 2791 Magnus
903 2694 1147 2791 insigni
1187 2692 1542 2791 volumine
1576 2695 1662 2766 ad
1702 2717 1982 2769 matrem
2027 2692 2216 2769 suam

140 2788 427 2879 stribit,
474 2811 660 2862 metu
699 2790 834 2862 suoe
874 2789 1211 2888 potestatis
1247 2787 1597 2885 proditum
1633 2788 1754 2862 fibi
1790 2791 1877 2863 de
1915 2789 2041 2865 diis
2087 2790 2217 2866 hoq

143 2883 453 2959 minibus
488 2887 529 2957 a
565 2885 902 2957 sacerdote
934 2885 1264 2957 secretum
1308 2911 1328 2971 3
1394 2881 1582 2980 quod
1623 2886 1957 2981 majorum
2000 2886 2073 2956 ὅε
2110 2908 2217 2956 re-

138 3006 323 3081 gum,
352 2978 955 3078 memori-adservata
988 2980 1068 3054 fit
1102 3005 1137 3080 ᾗ,
1188 2976 1656 3083 infiessQlenzdi
1691 2981 1766 3080 ἐς
1800 2979 2218 3088 sacrificandi

164 3113 190 3119 ν
2039 3096 2218 3163 ntus

136 3223 252 3292 tuit
275 3224 453 3302 Reges
477 3225 642 3291 etiam
673 3222 848 3282 diflos
876 3221 1017 3282 filios
1043 3226 1146 3283 Re·
1288 3241 1309 3296 5
1354 3224 1558 3297 Mauri,
1598 3243 1724 3282 vero
1768 3224 2031 3301 mamfiste
2071 3243 2215 3300 reges

135 3318 282 3377 gum
302 3340 319 3366 ‚
354 3298 445 3356 etfi
474 3301 540 3357 ad
565 3307 827 3357 thronum
865 3318 1142 3376 paternum
1206 3298 1322 3375 litos
1343 3294 1553 3372 colunt]
1597 3303 1731 3356 Non
1763 3300 1919 3357 ausus
1944 3299 2020 3357 liii
2051 3318 2207 3374 pate·

137 3392 264 3437 non
292 3377 660 3448 pervenerint?
701 3377 1016 3433 Gronovius.
1210 3395 1263 3431 re
1300 3375 1383 3432 vel
1423 3380 1688 3435 Wowero
1724 3377 1807 3432 vel
1842 3375 2072 3431 editioni
2104 3393 2205 3430 no-

228 3467 254 3522 3
296 3451 397 3506 h'ic
422 3454 633 3507 litteras
653 3447 972 3525 imprimere]
1053 3456 1144 3507 Sa·
1208 3449 1428 3508 viffimae
1475 3451 1792 3525 Cypriani,
1872 3448 1965 3505 ubi
2015 3467 2208 3505 vocem

137 3527 265 3587 xis,
309 3526 685 3590 membranis,
724 3525 897 3585 ebori.
976 3527 1174 3590 Valde·
1206 3527 1460 3603 quintam
1496 3527 1715 3599 ejiciunt
1744 3544 1857 3581 non
1883 3522 2090 3580 reddita
2108 3523 2213 3579 ali-

137 3600 268 3669 sgnt
291 3600 473 3657 suaves
507 3602 603 3677 qui
624 3598 1028 3678 typographicae
1060 3582 1173 3665 arr-ff
1208 3620 1314 3676 qua
1348 3597 1501 3657 causa
1527 3637 1544 3666 ‚
1601 3620 1699 3658 nec
1725 3599 1966 3658 dubitem
1998 3635 2015 3663 ,
2070 3599 2208 3683 quin

134 3679 210 3734 tis
239 3677 516 3751 originem
550 3676 675 3732 binc
711 3692 976 3750 repetunt.
1017 3679 1141 3751 Rig.
1170 3690 1172 3737 ζ
1207 3677 1479 3753 Rigaltius
1549 3677 1608 3733 in
1692 3679 1852 3734 MSS.
1918 3676 2224 3733 invenctrt.'

218 3771 257 3821 4
299 3748 657 3825 Rusticitqtis]
741 3752 940 3820 Ruris,
984 3771 1142 3834 agro·
1169 3740 1173 3853 ἓ
1203 3754 1516 3809 Gronovius.
2215 3748 2220 3755 ’

138 3844 293 3897 mm·
317 3827 479 3898 Idem,-
1169 3856 1175 3891 τ
1287 3837 1316 3890 6
1356 3825 1618 3905 Cultura]
1665 3828 1877 3884 CultuS.
1919 3826 2207 3904 RIgaeltius.

1170 3904 1183 3938 ¹'
1701 3904 1793 3961 Bb
1844 3923 1866 3979 5
2037 3921 2071 3974 7
2108 3902 2222 3958 Nn&
