2703 4573
489 257 632 338 De
710 256 1105 341 ERRORE
1165 258 1446 344 Pnor.
1503 251 1865 349 Reim:
2044 258 2216 372 2457

154 387 315 470 &us
351 393 686 489 propheta
720 392 952 465 divina
995 391 1424 488 instigatione
1460 396 1856 469 denunciet.
1950 397 2221 471 Oracu*

152 487 310 557 lum
351 492 484 560 hoc
519 488 735 576 Esaiae
766 487 961 559 nobis
991 488 1160 560 fides
1191 490 1502 576 tradidit,
1549 492 1643 563 ait
1681 492 1865 564 enim
1897 517 1912 563 ε
1960 491 2108 584 †In
2137 494 2223 561 il-

151 580 223 650 Ιᾶ
261 583 364 651 die
386 586 811 677 fhperinducet
852 590 1029 653 Deus
1056 586 1348 679 gladium
1366 591 1648 678 sancitum
1681 592 1758 664 (θ’
1793 614 2117 684 magnum,
2141 592 2223 664 ὠ·

127 680 372 771 'firtem
394 682 573 770 fitper
604 685 948 748 Draconem
969 735 991 768 ‚
1017 684 1348 771 serpentem
1380 708 1671 777 magnum
1695 739 1719 772 ,
1767 689 1845 759 ὠ·
1865 688 2222 776 tortuossmt,

152 777 235 848 ὠ*
270 775 589 864 interficiet
621 780 985 854 Draconem.
1034 784 1055 819 1
1083 775 1423 847 Voluntas
1466 778 1601 850 Dei
1633 776 1968 872 perfectio
1999 778 2224 873 operis

149 866 522 941 substantia
538 868 657 941 est.
711 871 900 954 Bene
936 870 1275 940 Draconis
1311 869 1445 940 lata
1481 872 1810 944 sententia
1828 872 1970 943 cst:
2020 873 2219 967 quic-

205 963 326 1034 uid
372 965 568 1036 Deus
605 965 828 1053 dixit,
867 960 1128 1035 fafitum
1173 965 1289 1034 est.
1337 967 1655 1038 morituri
1702 967 2040 1038 Draconis
2081 966 2218 1039 hoc

146 985 470 1144 solatium
508 1059 604 1132 est
642 1117 664 1148 ‚
727 1083 803 1131 ut
848 1059 1136 1143 exitium
1183 1060 1381 1131 suum
1424 1061 1747 1155 frequens
1788 1062 2217 1155 perditorum

123 1153 358 1224 turba
400 1156 791 1227 comitetur.
882 1155 952 1228 Si
987 1156 1226 1225 mortis
1260 1158 1406 1250 ejus
1447 1156 1590 1228 dies
1632 1158 2001 1253 quaeritur,
2045 1175 2217 1228 tunc

146 1251 504 1353 percussus
540 1250 638 1334 est
673 1307 696 1334 ‚
755 1274 914 1321 cum
954 1250 1304 1320 hominem
1347 1253 1584 1323 Deum
1615 1252 1789 1325 vidit
1825 1308 1848 1340 ,
1912 1247 2217 1346 cumque

146 1343 355 1431 nobis
389 1344 649 1416 Christi
690 1370 949 1415 numen
986 1345 1317 1438 appatuit.
1390 1345 1553 1417 Post
1583 1348 1782 1418 illum
1819 1345 2048 1434 diem,
2095 1349 2223 1441 qui

145 1439 484 1536 serpentis
519 1441 721 1536 hujus
756 1439 1021 1511 secutus
1057 1440 1263 1511 fuerit
1298 1439 1684 1513 institutum
1725 1497 1747 1529 ‚
1816 1441 2079 1511 neccss‘e
2120 1439 2220 1521 est

145 1555 230 1607 ut
270 1560 429 1605 cum
471 1533 777 1637 serpente
817 1534 1174 1606 moriatur.
1259 1536 1451 1606 Deos
1490 1535 1688 1621 istos,
1733 1560 1908 1631 quos
1941 1533 2214 1625 colitis,

119 1629 289 1723 'ipse
332 1630 583 1718 finxit,
642 1625 1233 1724 ipse'composuit.
1332 1629 1404 1701 Si
1443 1634 1821 1723 pertinaces
1857 1628 2067 1701 animi
2100 1652 2225 1699 vc-

144 1725 266 1796 stri
305 1726 374 1796 in
411 1726 537 1796 isto
573 1748 802 1796 errore
841 1725 1329 1818 permanserint
1372 1779 1393 1811 ,
1462 1725 1782 1799 ardebitis
1832 1725 2033 1795 ctiam
2089 1747 2217 1797 vos

118 1821 405 1917 ‘pariter
439 1845 600 1892 cum
643 1819 795 1890 Diis
835 1820 1071 1890 vestris
1096 1876 1120 1910 ,
1176 1840 1254 1892 ut
1289 1822 1623 1915 quicquid
1664 1817 1977 1892 auEtorcs
2013 1816 2222 1894 vestri

117 1914 388 1988 ’divina
426 1911 1006 1987 animadverfione
1046 1918 1445 1987 metuerunt
1479 1973 1501 2006 ,
1551 1917 1752 1989 etiam
1789 1915 1875 1985 ad
1911 1912 2219 1988 vestrum

119 2010 440 2082 “exitium
499 2011 633 2082 hoc
691 2009 1021 2081 societatis
1076 2008 1421 2081 consortio
1466 2012 1930 2084 transferatur.
2030 2008 2216 2082 Mihi

145 2105 410 2176 credite
464 2105 637 2176 nihil
690 2104 1115 2198 praetermifit
1172 2105 1512 2179 Diabolus
1550 2163 1573 2196 ‚
1637 2107 1828 2208 quod
1859 2103 2217 2181 hominem

145 2199 472 2272 miserum
525 2219 644 2271 aut
689 2200 1076 2271 debilitaret
1128 2219 1244 2271 aut
1298 2202 1618 2296 perderet
1664 2227 1682 2271 ε
1758 2200 1913 2271 ideo
1964 2196 2097 2269 sese
2142 2200 2217 2271 in

143 2320 391 2378 ornnes
439 2298 691 2374 formas
740 2296 1108 2389 multiplici
1152 2295 1536 2369 diverfitate
1581 2292 1928 2369 convertit
1968 2351 1988 2380 ,
2058 2294 2218 2369 idco

140 2389 212 2463 se
247 2392 494 2463 diverfi
536 2390 805 2488 generis
844 2391 1226 2463 calliditate
1251 2393 1638 2486 composuit
1679 2449 1701 2481 ‚
1764 2408 1845 2463 ut
1888 2390 2098 2463 variis
2135 2416 2217 2466 ac

123 2486 648 2583 multiplicibus
686 2486 1040 2558 fraudibus
1086 2487 1395 2559 homines
1436 2488 1733 2560 irretitos
1774 2487 2215 2564 interimeret.

138 2585 351 2654 Sacra
379 2583 492 2654 sua
523 2581 828 2676 perditus
865 2581 1169 2653 carnifex
1207 2639 1229 2671 ‚
1298 2577 1428 2675 pr&
1472 2583 1655 2654 nefas
1693 2638 1715 2670 ‚
1779 2603 1901 2676 per
1944 2580 2212 2675 lignum

136 2677 412 2771 semper
432 2676 1132 2770 renovaridisposuit,
1179 2696 1257 2748 ut
1297 2677 1458 2771 quia
1492 2677 1740 2748 sciebat
1772 2678 1866 2746 ita
1894 2673 2087 2761 fore,
2133 2692 2217 2746 ut

135 2773 341 2867 ligno
371 2773 592 2844 crucis
629 2770 828 2842 affixa
860 2772 1000 2843 vita
1032 2771 1329 2842 hominis
1360 2792 1709 2869 perpetuae
1745 2769 2220 2842 immortalita-

136 2870 227 2940 tis
260 2869 670 2964 compagine
697 2866 1141 2963 stringerctur
1162 2921 1183 2955 ,
1229 2866 1757 2974 ideo‘pcrituros
1789 2862 2098 2935 homines
2121 2888 2214 2937 ex

135 2963 316 3059 ligni
359 2964 742 3033 imitatione
781 2964 1147 3058 deciperet.
1233 2960 1362 3032 ²I³n
1404 2962 1600 3034 lactis
1638 2960 1957 3056 Phrygiis
1982 3014 2003 3045 ‚
2049 2983 2210 3055 q‘uae

105 3060 392 3149 ·Matris
427 3056 660 3139 Dalm
705 3058 987 3144 dicunt,
1035 3082 1156 3150 per
1190 3080 1403 3142 annos
1445 3057 1746 3153 singulos
1781 3054 1985 3126 arbor
2009 3057 2213 3150 pinea

101 3155 477 3246 ³caeditur,
523 3156 596 3225 &
632 3155 703 3224 in
748 3153 975 3226 media
994 3149 1234 3232 arbore
1255 3148 1737 3223 simulachrum
1755 3149 2030 3245 juvenis
2051 3148 2224 3244 sub··
2258 3191 2283 3201 «-

133 3250 422 3350 ligatur.
471 3249 553 3320 In
590 3248 807 3319 Iliacis
843 3247 1038 3321 sacris
1076 3248 1161 3317 de
1196 3243 1396 3341 pinea
1432 3246 1670 3317 arbore
1704 3245 1988 3318 caeditur
2011 3265 2210 3317 trun-

134 3337 263 3417 cus
304 3401 324 3427 ,
395 3344 608 3436 hujus,
658 3343 885 3436 trunci
952 3341 1174 3415 media
1231 3364 1382 3442 pars
1426 3340 1766 3416 subtiliter
1809 3359 2206 3412 excavatur.

104 3431 166 3455 ”
332 3438 574 3505 †0⁶p·²7·
693 3481 699 3489 -
925 3435 928 3440 '
1091 3477 1100 3488 ·
1191 3470 1220 3486 ·-
1250 3451 1256 3456 ·
1285 3437 1302 3478 ·'
1462 3441 1467 3448 '
2021 3432 2209 3502 ‘illis

222 3557 247 3595 1
289 3536 537 3591 Voluntas
570 3538 670 3592 Dei
698 3533 945 3668 ριῆίὲἔίίο
977 3537 1139 3610 operis
1282 3554 1312 3590 2
1351 3534 1416 3592 In
1438 3531 1606 3608 literis
1632 3527 1911 3609 Phrygiis]
1989 3523 2203 3585 Arnob‘.

113 3611 425 3692 fialfiantia
445 3608 547 3687 ιβ]
595 3613 753 3680 Porta
797 3610 1136 3686 erperfiffio
1203 3610 1242 3668 l.
1283 3632 1329 3682 ς.
1366 3653 1371 3658 »
1409 3610 1686 3687 Qidfibi
1723 3611 1851 3664 vult
1879 3607 1977 3670 illa
2013 3608 2202 3677 pinus„

126 3691 299 3766 asperis
312 3686 418 3763 sub
453 3688 706 3760 instantia
736 3689 826 3757 est.
910 3693 1136 3745 Wowc-
1202 3683 1738 3762 quamftmperstatis
1768 3685 1938 3741 diebus
1967 3684 2023 3738 in
2044 3685 2207 3748 Deum

132 3784 247 3822 xus.
311 3766 457 3836 ,ἓως
477 3759 1154 3843 gerfitflt'stperi'fi‘lstwn
1205 3765 1391 3831 matris
1449 3763 1803 3827 intermittitis
1850 3756 2214 3833 [ἕιηᾶησζ-ὶοὲ

123 3843 224 3918 lja!
245 3840 317 3924 ιβ
322 3881 350 3917 0·
1207 3837 1266 3896 Ν
1266 3835 1394 3898 cmm
1413 3836 1556 3896 illias
1574 3832 1949 3982 fimilituaegf'es}
1969 3834 2224 3963 “morgi
