2703 4573
665 292 1742 410 ΟετΑνιυεῖ,
2063 296 2176 404 '57‘

128 426 319 503 &mia
350 424 646 500 numina
671 423 848 499 vista
874 445 1322 501 venerantur:
1380 426 1590 500 ¹dum
1625 426 1934 529 undique
1959 427 2192 525 hospi-i

132 549 213 603 tes
242 528 424 599 Deos
469 543 798 621 quaerunt
830 578 854 612 ,
917 522 991 598 &
1041 523 1196 597 suos
1247 521 1551 600 faciunt:
1620 526 1833 620 &dum
1874 549 2011 599 aras
2060 549 2186 598 ex-

1945 640 2190 695 tl‘uunt

142 794 287 872 m'bus]
348 793 644 860 Rescribe,
686 800 824 857 Dum
851 795 993 873 capti
1019 796 1109 863 in,
1171 798 1366 873 ignotis
1390 793 1714 871 numInibus]
1760 793 2048 856 Pausanias
2063 800 2187 856 ’Aa'

142 889 191 933 ur
208 871 275 928 est
293 875 344 930 in
376 877 501 929 MS.
544 866 759 948 Meurs.
1171 875 1292 931 ticis
1315 892 1442 965 pag.
1475 893 1526 930 1.
1569 869 1739 946 Βωμιοὲ
1761 872 1833 943 Διὶ
1861 875 1981 930 θεῶν
2004 897 2058 930 τε
2083 878 2186 929 ὄιο-

198 952 317 1005 Dum
361 952 505 1025 capti
557 952 621 1004 in
669 949 933 1025 hqstt'libus
990 966 1110 1005 moe-
1172 949 1477 1025 μικζομιενω
1505 948 1744 1018 ἅγιός-ω
1780 955 1828 1024 29⁸
1856 949 2029 1023 ὁρόω.
2110 952 2189 1008 E-

135 1022 295 1098 nibus]
375 1022 745 1083 Reddidimus
811 1025 1106 1082 lectionem
1176 1024 1324 1082 liacis
1349 1023 1450 1082 fol.
1482 1036 1612 1081 162.
1653 1025 1908 1094 Α’γνόςω
1930 1026 2060 1081 θεῶν
2079 1034 2187 1091 βα-

133 1102 281 1157 Rom.
305 1099 432 1157 edit.
457 1107 513 1158 ει
541 1103 672 1158 MS,
699 1104 843 1180 Reg.
885 1107 960 1157 At
990 1098 1112 1158 sen·
1174 1097 1292 1173 μές.
1373 1105 1422 1156 A
1467 1101 1539 1157 ud
1578 1099 1928 1159 Athenienses
1965 1109 2021 1159 δε
2050 1107 2190 1159 Bur-

135 1179 279 1233 tentia
316 1178 524 1256 flagitat
555 1180 768 1254 capiis,
824 1176 1110 1253 quomodo
1174 1175 1403 1254 degalen
1429 1195 1485 1232 es
1550 1178 1734 1235 multoe
1797 1196 2017 1256 quoque
2063 1196 2188 1236 rarae

133 1250 336 1309 ediderat
361 1254 647 1310 Gelenius.
690 1254 916 1312 Herald.
1178 1254 1501 1330 ignotorum
1536 1255 1807 1310 Deorum.
1889 1251 2190 1312 Philostra-

194 1331 316 1386 Dum
359 1333 499 1403 capti
536 1332 599 1387 in
640 1328 904 1396 hostilibus
937 1333 1115 1385 moeni-
1182 1346 1268 1388 rus
1294 1328 1362 1385 de
1398 1331 1509 1386 vita
1545 1328 1825 1406 Apollonii
1854 1329 1952 1386 lib.
1984 1340 2039 1386 6.
2062 1349 2189 1408 cap.

136 1403 241 1480 bus]
282 1406 531 1471 Retinui‚
617 1403 728 1463 uod
757 1402 1116 1481 expresserunt
1185 1424 1239 1461 2.
1269 1407 1507 1462 Hieron.
1529 1406 1587 1461 in
1616 1405 1818 1462 Ezech.
1848 1406 1946 1462 lib.
1976 1426 2033 1479 4.
2062 1425 2190 1481 cap.
2215 1454 2218 1463 .

138 1497 197 1534 ex
226 1482 357 1536 MSto
393 1481 564 1538 Hera}
609 1500 670 1537 us
707 1487 763 1538 δε
808 1481 1112 1557 Rigaltius,
1188 1492 1276 1538 16.
1303 1478 1403 1537 fol.
1436 1501 1561 1554 377.
1641 1484 1708 1538 Et
1735 1483 1793 1539 in
1828 1478 2001 1558 Epist.
2037 1482 2195 1541 Pauli

137 1551 230 1611 hoc
246 1555 448 1630 quidem
475 1574 724 1620 tacente,
765 1557 853 1613 sed
873 1556 1115 1614 Heraldo
1180 1557 1249 1614 ad
1267 1558 1464 1613 Titum
1492 1575 1614 1632 cap.
1634 1576 1684 1612 1.
1703 1576 1830 1634 pag.
1865 1575 1991 1614 201.
2036 1560 2194 1614 Mar-

134 1627 353 1705 praefante
376 1632 710 1690 sententiam
747 1634 1016 1712 flagitare
1028 1653 1113 1690 ca·
1178 1634 1325 1690 tialis
1347 1630 1599 1710 Episcop.
1633 1630 1860 1708 Epistol.
1892 1633 1962 1690 ad
1990 1633 2197 1691 Burde-

132 1709 237 1781 ptis.
308 1710 451 1765 Hinc
499 1705 793 1785 postremae
846 1707 1112 1765 editiones
1181 1708 1290 1786 gal.
1322 1726 1445 1786 cap.
1478 1728 1527 1781 3.
1589 1711 1644 1765 T
1645 1707 1919 1765 ertullian.
1943 1707 2197 1768 adversus

134 1781 356 1841 coucuffae
396 1783 699 1860 praeferunt
731 1787 894 1859 captis
920 1783 1118 1858 baestili-
1184 1786 1530 1841 Marcionem
1568 1784 1610 1841 l.
1652 1803 1703 1841 1.
1747 1803 1798 1842 c.
1842 1805 1898 1856 9.
1943 1822 1946 1827 »
1977 1788 2196 1845 Invenio

137 1857 210 1911 bus
230 1864 323 1915 δίε.
380 1860 532 1935 quod
556 1862 658 1917 vix
688 1856 1010 1916 sententiam
1034 1857 1116 1916 ef·
1176 1863 1335 1937 plane
1382 1863 1574 1935 ignotis
1614 1863 1742 1916 Deis
1786 1880 1916 1917 arus
1942 1862 2197 1936 prostitu-

139 1929 246 1989 ficit.
295 1935 387 1992 Sed
417 1937 707 2000 Romani,
746 1935 880 1992 dum
905 1932 1029 1991 sunt
1057 1937 1113 1991 in
1184 1952 1292 1993 tas.-
1322 1933 1428 2006 fid
1451 1938 1643 1991 Anica
1669 1937 1982 1992 Idololatria
2006 1936 2097 2012 est.
2137 1939 2197 1993 I-

142 2010 412 2083 Capitolio,
454 2023 730 2088 quantum
747 2027 861 2068 erat
877 2048 894 2074 ,
931 2027 1115 2068 utnon
1184 2026 1284 2069 tem
1306 2014 1523 2067 incertis
1545 2013 1677 2067 Deis
1700 2047 1716 2075 ,
1765 2008 1875 2086 fid
1887 2010 2200 2086 sbperstitio

139 2080 275 2142 effent
315 2089 453 2164 capti
518 2094 577 2145 δε
610 2088 698 2155 ⁸in
748 2085 962 2144 ditione
1016 2086 1115 2144 ho·
1185 2086 1519 2159 Romanaeli.
1560 2082 1851 2162 Inscriptio
1880 2104 1984 2145 arae
2010 2088 2195 2164 ignoti

142 2156 312 2218 stium?
362 2172 413 2221 &
438 2162 510 2220 fic
537 2181 732 2221 tamen
755 2164 817 2219 in
844 2163 1118 2220 moenibus
1186 2164 1368 2220 Deiin
1387 2164 1524 2220 aistis
1547 2158 1937 2236 Apostolorum
1952 2181 2074 2240 cap.
2097 2172 2193 2221 18.

142 2235 229 2306 jam
258 2235 566 2305 hostilibuS,
613 2237 723 2297 hoc
745 2235 865 2304 est,
921 2239 990 2296 ab
1018 2236 1121 2297 ho·
1184 2239 1304 2297 talis
1320 2235 1457 2302 fuit,
1497 2234 2193 2298 uttestaturOecumenius:

143 2308 205 2367 ste
238 2312 422 2371 insesfis
450 2317 692 2373 numina
727 2315 871 2372 victa
898 2333 1117 2372 venera·
1184 2318 1321 2374 Θεοῖς
1362 2310 1538 2375 Α’σιέις
1573 2317 1622 2389 ’¹3
1652 2312 1879 2383 Εὐρύτης
1905 2319 1954 2389 ος
1981 2312 2203 2383 Λιςόης,-

141 2385 321 2446 bantur.
458 2391 568 2447 uod
593 2391 878 2467 optimum
908 2392 1117 2448 intelle·
1183 2391 1295 2465 9εᾷ
1307 2387 1519 2463 ἀγρός-ῳ
1540 2385 1625 2451 xa)
1647 2389 1786 2466 ξένῳ.
1865 2391 2200 2466 Elmenhotg

142 2462 232 2521 ἂι).
268 2468 459 2524 Nunci
488 2466 583 2524 lud
609 2470 751 2541 capti
773 2467 955 2543 magis
1025 2487 1112 2523 ro·
1185 2464 1342 2524 stiuS.
2217 2469 2225 2474 ’

140 2556 332 2607 movet,
385 2563 553 2619 quam
582 2561 764 2618 quum
792 2540 949 2618 supra
1009 2543 1114 2600 ice-
1261 2547 1400 2599 Dum
1425 2561 1558 2600 aras
1571 2557 1828 2604 extruunt
1849 2550 2008 2603 etiam
2039 2544 2196 2620 igno:

137 2612 205 2671 bat
234 2621 360 2674 ciera
380 2619 552 2694 fhlum
584 2619 914 2693 Capitolium
940 2623 1111 2692 capti,
1186 2624 1255 2676 tis
1280 2619 1917 2695 numinibus&manibus]
1968 2625 2089 2678 MS.
2114 2624 2200 2679 R.

138 2707 185 2745 ut
214 2711 376 2767 pareat
408 2693 510 2752 isto
538 2692 867 2751 discrimine
898 2689 1115 2751 voluiss'e
1182 2699 1302 2753 dum
1324 2713 1455 2752 aras
1468 2710 1724 2753 extruunt
1737 2701 1856 2754 dum
1868 2701 2049 2754 etiam.
2088 2698 2193 2753 Le-

136 2783 234 2822 tum
290 2764 497 2827 imitari
537 2770 858 2846 Virgiliana
894 2787 965 2825 ex
1002 2786 1107 2825 vu
1181 2769 1423 2849 gendum
1450 2765 1662 2827 sortasse
1688 2811 1707 2836 ‚
1747 2776 2005 2830 interdum
2028 2776 2193 2829 etiam

136 2842 359 2903 AEneide:
398 2850 540 2905 Num
564 2848 715 2922 capti
728 2859 946 2922 potuere
971 2849 1112 2922 capi?
1181 2850 1372 2922 ignotis
1404 2866 1544 2903 num.
1623 2850 1881 2905 Ceterum
1922 2845 2191 2926 quorsum

138 2918 430 2981 Gronovius.
916 2942 923 2946 ·
1180 2922 1343 2980 addat
1384 2924 1449 2983 ό·
1479 2925 1715 2982 manibus
1749 2921 1923 2981 fateor
1951 2943 2041 2979 me
2073 2943 2192 2981 non

203 3013 222 3050 1
264 3002 389 3055 Dum
419 3003 655 3074 undique
687 2998 908 3075 hospites
940 2996 1102 3075 Deos]
1182 2997 1307 3055 satis
1333 2998 1655 3076 intelligere.
1712 3002 1799 3055 De
1829 3001 1954 3056 Diis
1978 3001 2195 3077 ignotis

133 3069 330 3149 August.
360 3077 453 3133 lib.
489 3095 540 3147 3.
568 3092 689 3150 cap.
729 3094 816 3131 η.
880 3078 1109 3132 waer.
1178 3073 1484 3150 proculcata
1514 3093 1595 3132 res
1621 3073 1720 3132 est.
1801 3079 1989 3132 Manes
2015 3075 2190 3140 etiam

197 3164 215 3200 1
254 3150 439 3224 [gnatis
474 3147 836 3225 inarantibus]
924 3153 1107 3208 Etiam
1180 3153 1328 3207 Deos
1351 3147 1564 3207 habitos
1590 3152 1771 3228 pueris
1792 3168 1988 3208 notum
2022 3171 2036 3206 ε
2093 3148 2186 3206 sed

133 3221 246 3295 apud
267 3224 616 3284 Athenienses
637 3243 731 3282 ara
752 3224 1101 3291 θιέηἰγιάς-ε.
1176 3222 1442 3300 quorsum
1500 3225 1619 3284 heic
1673 3245 1867 3284 eorum
1936 3226 2149 3282 mentio
2166 3234 2190 3281 ἒ

135 3298 292 3355 Αᾶοε.
316 3321 363 3357 c.
394 3322 486 3360 17.
527 3304 777 3378 Diogen.
803 3302 862 3358 in
885 3304 1106 3378 Epime·
1177 3306 1367 3435 (fir—rare
1414 3299 1716 3360 nesciebam
1771 3321 1843 3359 an
1892 3301 2189 3379 legendum

135 3372 254 3428 uide.
295 3378 517 3435 Lucian.
565 3376 841 3452 Philopat.
871 3380 1102 3440 Hieron.
1174 3400 1203 3436 e
1244 3394 1297 3433 et
1318 3381 1513 3453 ignotis
1525 3380 1816 3438 numinibus
1841 3384 1905 3441 ὑ*
1925 3378 2191 3437 inanibus.

138 3447 182 3503 in
202 3448 344 3527 epist.
370 3451 436 3509 ad
465 3455 692 3510 Titum.
731 3451 922 3510 suidas
944 3475 1109 3523 τιμιω-
1178 3453 1406 3513 Herald.
2111 3509 2114 3510 a

135 3523 244 3580 eim.
291 3529 426 3604 apud
453 3526 863 3607 Burdigalenses
889 3546 1111 3604 quoque
1254 3535 1395 3589 Dum
1428 3549 1557 3588 aras
1586 3543 1840 3589 extruunt
1868 3533 1989 3586 dum
2021 3532 2183 3587 etiam

134 3614 205 3654 ara
233 3603 327 3660 Dei
360 3607 563 3681 ignoti.
650 3604 975 3662 Aurelianus
1006 3607 1108 3661 Le·
1179 3629 1198 3662 ι
1235 3611 1375 3664 noeis
1399 3602 1545 3679 θα]
1629 3608 1713 3663 Sic
1747 3608 1933 3683 putavi
1963 3606 2192 3663 retineri.

134 3679 306 3735 morie.
348 3678 520 3756 Epifc.
562 3681 677 3740 vita
708 3683 765 3736 S.
811 3679 1106 3741 Martialis.
1179 3627 1357 3740 {cure
1393 3718 1411 3746 ,
1462 3679 1611 3756 quod
1643 3678 1723 3739 est
1759 3683 1817 3738 in
1849 3683 1973 3738 MS.
2009 3698 2071 3738 ut
2112 3698 2193 3738 te·

134 3766 366 3811 wawerus.
1181 3754 1347 3815 statur
1361 3756 1664 3823 Heraldus,
1707 3760 1804 3835 qui
1829 3755 1959 3815 inde
1978 3758 2190 3835 cogita-

196 3846 227 3892 2-
261 3833 389 3895 Dum
444 3853 576 3896 aras
634 3844 894 3897 extruunt
946 3836 1104 3899 etiam
1130 3884 1148 3957 ι
1174 3835 1256 3895 rit
1291 3837 1413 3896 dum
1457 3851 1589 3895 aras
1634 3847 1892 3967 cxguunt
1926 3835 2193 3922 interfluant

1797 3930 1820 3988 5
2008 3922 2167 3968 ettam
2182 3947 2200 3966 .
